3534 5284
312 459 448 536 exempla
457 457 560 519 attulit.
579 457 638 516 Sed
647 457 844 533 neeiquidem
857 477 976 534 magna,
991 477 1069 532 quae
1082 476 1162 515 nunc
1175 468 1219 516 est
1230 457 1381 517 titulorum
1391 459 1480 535 copia

311 577 431 641 praesto
449 576 520 638 erat,
538 583 594 622 nec
619 566 658 622 de
676 575 810 639 tempore
828 577 878 622 aut
897 565 1003 622 ordine
1019 564 1136 621 illorum
1154 565 1308 622 hominum
1325 565 1398 622 dixit
1422 585 1479 623 nec

312 669 619 746 deniqueLatinorum
630 670 785 727 nominum
797 670 899 744 paucis
909 671 1052 744 exemplis
1064 671 1196 744 exceptis
1207 671 1351 729 rationem
1363 672 1478 729 habuit.

419 795 490 852 Fick
514 793 646 868 denique
670 793 700 850 in
724 794 810 862 libr0,
829 813 917 868 quem
942 794 981 853 de
998 795 1122 851 Graecis
1138 795 1311 851 nominibus
1327 795 1444 870 scripsit
1457 793 1481 875 1)

311 902 349 958 de
372 899 524 958 nonnullis
548 919 670 974 quoque
694 919 729 958 ex
753 900 798 956 his
829 901 1001 958 nominibus
1032 900 1129 958 obiter
1161 901 1331 974 disputavit,
1364 901 1394 958 in
1419 903 1480 957 uni·

310 1025 427 1063 versum
451 1007 481 1063 in
506 1007 584 1063 hanc
609 1005 781 1080 appellandi
804 1007 1051 1063 consuetudimen
1076 1025 1137 1062 non
1161 1006 1321 1080 inquisivit.
1339 1001 1366 1089 2)
1455 1032 1459 1038 ·

416 1131 486 1186 Post
509 1130 564 1186 hos
588 1128 676 1204 igitur
699 1129 776 1185 viros
801 1148 862 1186 non
886 1129 989 1188 inutile
1013 1130 1083 1186 duxi
1107 1130 1209 1188 dedita
1226 1149 1316 1204 opera
1344 1131 1374 1187 in
1402 1131 1481 1188 hanc

309 1247 440 1294 veterum
465 1233 713 1292 consuetudinem
738 1234 896 1307 inquirere.

418 1361 464 1415 Ac
487 1358 616 1433 primum
643 1357 763 1430 quidem
789 1358 827 1414 de
846 1357 970 1414 Graecis
997 1370 1058 1414 tum
1084 1359 1121 1414 de
1139 1359 1285 1415 Romanis
1309 1359 1480 1434 singillatim

310 1465 680 1544 itadisputat0,11tcrrjus
705 1468 821 1541 generis
845 1467 1017 1524 hominibus
1041 1468 1111 1526 data
1134 1469 1193 1524 sint
1216 1470 1348 1538 nomina,
1373 1469 1481 1544 quibus

310 1574 384 1630 locis
409 1575 540 1643 inventi,
575 1592 635 1648 quo
664 1583 800 1648 tempore
831 1573 940 1630 exarati
964 1574 1022 1630 sint
1046 1574 1120 1632 tituli
1145 1593 1296 1648 quaeram.
1344 1575 1405 1632 Sed
1425 1575 1480 1648 pri-

310 1698 390 1736 mum
417 1679 564 1749 duritati0,
591 1698 669 1753 quae
693 1680 787 1754 possit
811 1679 890 1748 oriri,
916 1680 1098 1736 removenda
1122 1681 1184 1748 erit,
1210 1680 1308 1737 sintne
1337 1681 1414 1754 justa
1444 1699 1480 1736 ac

310 1785 466 1843 sollemnia
481 1785 636 1843 hominum
659 1785 783 1843 nomina
807 1805 850 1854 ea,
869 1805 947 1860 (luae
963 1785 1020 1842 sibi
1045 1805 1063 1842 a
1087 1785 1132 1842 dis
1157 1787 1384 1843 mutuabantur:
1403 1803 1480 1858 quae

309 1891 380 1972 mihi
405 1891 526 1966 quidem
550 1909 586 1948 eo
610 1891 763 1966 profligari
788 1891 914 1957 videtur,
939 1893 1022 1966 quod
1047 1893 1197 1949 titulorum
1221 1911 1282 1948 non
1304 1911 1395 1966 parva
1412 1909 1479 1965 pars

310 1997 473 2054 infantibus
497 1997 607 2054 tributa
630 2015 696 2054 esse
719 1998 795 2054 haec
819 1998 942 2055 nomina
966 1997 1084 2056 evincit.

416 2121 611 2180 Inveniuntur
634 2121 731 2178 enim:

309 2244 468 2330 Ἑρμῆς
492 2254 560 2302 octo
585 2262 732 2302 annorum
756 2246 777 2302 l.
805 2245 842 2302 (3.
870 2247 907 2303 K.
937 2247 1038 2318 1889:
1086 2243 1152 2331 Ario
1175 2251 1298 2319 τέκνοις
1320 2244 1480 2330 Ὀκταβίῳ

310 2349 408 2442 Ἑρμῇ
432 2345 516 2413 ἐτῶν
538 2347 568 2430 η’.

419 2475 590 2532 Hermes
619 2473 764 2530 mensium
800 2473 943 2548 quinque,
974 2474 1090 2531 dierum
1121 2483 1234 2548 septem
1257 2474 1291 2530 C.
1318 2476 1340 2533 l.
1366 2475 1401 2532 L.
1427 2475 1480 2538 VI,
1545 2512 1553 2531 0

317 2582 437 2650 12664:
485 2579 651 2636 Memoriae
674 2581 711 2636 A.
729 2578 811 2636 Atini
829 2580 981 2637 Hermetis
999 2580 1194 2649 Demetriani,
1211 2580 1263 2653 qui
1279 2580 1336 2636 vix.
1354 2599 1393 2636 m.
1411 2581 1479 2647 llll,

296 2684 393 2743 dieb.
419 2686 488 2754 VII,
513 2686 568 2744 fec.
592 2684 695 2742 Atinia
719 2685 780 2742 filio
804 2684 987 2744 dulcissimo.
1013 2719 1052 2728 -

314 2929 630 2940 —...-.----—-

419 3088 440 3156 ¹)
460 3091 491 3138 A.
513 3090 584 3148 Fick,
608 3089 648 3137 die
668 3087 837 3152 griechischen
859 3087 1086 3143 Personennamen¹
1110 3088 1247 3152 Gottingen
1272 3087 1347 3147 1874.

363 3241 366 3246 .
420 3175 441 3245 ²)
461 3179 590 3228 Praeterea
609 3193 680 3242 quae,
711 3177 735 3224 ln
756 3175 786 3224 C.
808 3177 829 3224 l.
852 3176 882 3223 l..
911 3176 961 3229 vol,
982 3177 1015 3223 ll.
1056 3177 1084 3223 E.
1110 3177 1217 3223 lltibncr
1243 3177 1274 3223 orl
1307 3177 1370 3223 ‹luos
1397 3175 1481 3223 titulos

315 3267 430 3335 adnotat,
452 3267 483 3316 ad
504 3275 612 3316 nostram
633 3282 682 3314 rem
703 3265 836 3327 pertinent.
875 3265 945 3312 Dicit
963 3265 1029 3312 enim
1051 3265 1083 3312 ad
1102 3265 1198 3312 titulum
1218 3264 1343 3330 11‚4084‚
1365 3264 1406 3326 qui
1426 3271 1475 3310 est:

315 3357 443 3403 &Minerve
462 3359 529 3418 Aug.
551 3356 685 3404 Mercurius
704 3362 728 3402 et
748 3354 835 3402 mulier
853 3370 882 3402 ex
900 3353 1012 3420 vot[0]‚«

422 3444 570 3492 «Mercurius
589 3444 685 3491 videtur
699 3443 764 3491 male
783 3443 873 3491 lectum
894 3459 957 3508 esse,
972 3443 1083 3490 hominis
1101 3442 1168 3489 enim
1188 3458 1280 3490 nomen
1299 3457 1353 3490 esse
1366 3440 1478 3504 nequit«

419 3531 491 3580 Alter
509 3532 592 3581 titulus
611 3533 644 3599 11,
656 3541 725 3593 4415
746 3540 797 3580 est:

809 3619 911 3683 Veneri,

808 3708 950 3765 Latinillae‚

809 3796 925 3862 Spedius,
947 3796 1001 3845 Ma·

808 3885 943 3944 ternianus,

808 3974 921 4024 Maritus.

420 4065 528 4114 beuer
551 4062 636 4113 addit:
680 4061 780 4114 »Venus
799 4062 903 4112 sortasse
921 4077 966 4126 pro
986 4063 1081 4111 lunone
1099 4063 1152 4111 sive
1177 4063 1215 4111 dis
1236 4065 1352 4112 Manibus
1370 4061 1475 4133 positas

420 4153 455 4200 Ex
475 4153 564 4217 quibus
583 4153 727 4214 perspicitur
741 4153 889 4202 Hiibnerum
909 4167 1000 4213 negare
1019 4161 1059 4199 vet
1078 4153 1166 4200 rectius
1184 4162 1235 4200 tum
1256 4166 1359 4215 negasse
1377 4152 1478 4198 deorum

314 4241 418 4289 nomina
437 4240 581 4289 hominibus
603 4239 655 4287 dari
676 4256 758 4302 posse,
782 4255 932 4304 quamquam
953 4240 977 4286 ln
1004 4240 1089 4288 ceteris
1115 4240 1216 4288 deorum
1245 4242 1396 4303 nominibus,
1416 4254 1481 4302 quae

313 4330 404 4379 eudem
423 4344 496 4376 sensu
515 4334 670 4394 usurpantur,
693 4345 742 4377 non
763 4328 874 4383 ostendit,
912 4327 1027 4375 Proiecto
1053 4337 1156 4393 utroque
1175 4329 1232 4377 loco
1256 4329 1297 4377 dei
1323 4345 1415 4377 nomen
1433 4328 1480 4379 ho·

314 4417 374 4474 utini
393 4417 479 4467 datum
498 4423 545 4472 est.
