3534 5284
757 271 980 328 „30-

282 446 416 506 floruisse
451 447 529 504 hanc
563 444 820 504 consuetudinem.
874 448 980 520 Itaque
1011 448 1166 504 Romanos
1197 447 1287 505 moris
1317 455 1453 504 auctores

283 554 373 612 fuisse
389 553 541 611 evincitur,
574 555 731 610 Praeterea
753 552 877 610 nomina
895 553 1014 612 Graeca
1038 553 1068 610 in
1091 553 1183 612 titulis
1199 554 1310 611 Italicis
1334 553 1454 611 inventa

283 662 454 718 Romanam
478 658 623 733 originem
640 659 767 734 prodere
788 659 848 733 jam
866 678 955 734 supra
978 659 1049 718 dixi.
1097 660 1233 732 Accedit,
1256 661 1339 734 qnod
1363 678 1453 716 unum

283 787 319 826 ex
342 766 388 824 his
411 765 593 832 nominibuS‚
615 763 804 850 Ἀφροδίτη,
828 775 873 824 ter
896 766 1043 844 invenitur
1066 766 1095 824 in
1119 766 1230 824 Italicis
1253 767 1355 834 titulis,
1372 785 1454 823 num·

284 892 372 948 quam
397 872 428 929 in
445 873 570 932 Graecis
594 871 776 946 regionibus,
801 884 907 930 contra
933 890 968 948 57
998 888 1040 947 2<
1063 874 1094 931 in
1117 874 1208 932 titulis
1223 873 1338 931 Latinis
1363 873 1455 948 idque

287 996 322 1052 27
351 991 392 1040 ><
416 980 447 1037 in
471 979 537 1053 ipsa
553 980 662 1047 Roma,
693 979 728 1034 16
755 989 797 1048 ><
821 978 851 1035 in
876 988 977 1038 cetera
992 979 1087 1038 ltalia.
1128 982 1233 1054 Itaque
1256 999 1325 1036 curn
1343 997 1454 1036 nomen

284 1084 451 1161 Aphrodite
474 1084 556 1158 aqud
572 1085 729 1142 Romanos
746 1083 832 1142 fuerit
850 1084 1082 1153 usitatissimum,
1100 1103 1264 1159 numquam
1289 1085 1455 1142 inveniatur

285 1191 315 1248 in
335 1191 471 1258 Graecia,
489 1190 519 1247 in
536 1189 593 1248 illis
610 1189 703 1247 tribus
718 1189 809 1248 titulis
827 1190 856 1246 in
873 1191 960 1248 Italia
975 1191 1103 1249 inventis
1120 1192 1253 1250 Graecos
1276 1210 1295 1248 a
1310 1192 1455 1249 Romanis

284 1298 361 1358 deae
384 1315 495 1356 nomen
519 1296 671 1372 accepisse
695 1307 828 1372 apparet.
875 1299 1029 1355 Postremo
1057 1297 1147 1356 etiam
1180 1297 1261 1367 inde,
1286 1297 1369 1372 quod
1393 1297 1455 1355 ulti·

285 1423 365 1462 mum
391 1405 539 1465 Graecum
562 1421 684 1472 nomen,
707 1403 791 1478 quod
814 1403 971 1472 invenitur,
996 1404 1063 1462 aevi
1086 1414 1131 1462 est
1154 1403 1308 1462 Valeriani
1332 1404 1456 1478 impera-

284 1510 356 1570 toris
379 1508 589 1586 (253-259),
614 1509 748 1567 ultimum
773 1510 945 1566 Romanurn
978 1509 1050 1568 anni
1074 1526 1148 1586 445,
1182 1508 1325 1584 cognosci
1358 1520 1456 1584 potest

284 1618 364 1676 hunc
398 1634 511 1674 morem
537 1615 682 1672 Romanis
718 1634 780 1674 non
812 1616 909 1673 solum
934 1615 1043 1674 diutius
1067 1617 1216 1691 placuisse
1248 1635 1339 1690 quam
1365 1617 1455 1673 Grae-

285 1721 338 1794 cis,
362 1723 416 1781 sed
440 1722 529 1781 etiam
554 1721 649 1796 magis
673 1723 935 1780 accommodatum
959 1711 1049 1782 fuisse
1071 1721 1167 1781 indoli
1190 1739 1303 1780 eorum.

393 1864 478 1936 Quae
492 1883 559 1921 cum
574 1863 616 1922 ita
628 1863 695 1933 sint,
709 1864 784 1922 haec
797 1865 858 1922 fere
872 1864 912 1922 de
924 1882 1007 1921 more
1019 1865 1120 1922 liberis
1131 1866 1256 1923 deorum
1268 1863 1392 1921 nomina
1404 1863 1456 1921 im-

286 1970 420 2048 ponendi
447 1971 631 2027 *confirmare
655 1987 745 2044 posse
776 1970 849 2027 mihi
879 1971 1002 2032 videor:
1035 1969 1164 2027 Pn'mum
1189 1970 1321 2027 Romani
1353 1970 1456 2044 paucis

286 2078 372 2136 annis
415 2096 442 2134 a.
490 2077 524 2134 C.
574 2076 692 2134 Graeca
738 2076 861 2134 deorum
899 2076 1023 2134 nomina
1064 2076 1140 2133 sicut
1183 2075 1241 2133 alia
1273 2076 1374 2133 liberis
1405 2077 1445 2133 im

288 2193 458 2259 posuerunt.
519 2184 557 2240 Et
589 2182 732 2256 quoniam
764 2201 829 2239 mos
862 2189 936 2239 erat
954 2183 1034 2257 apud
1072 2183 1238 2252 Romanoa,
1273 2192 1305 2239 ut
1339 2185 1458 2241 Graeca

286 2299 315 2349 et
339 2289 398 2348 alia
422 2290 578 2365 peregrina
601 2289 726 2347 nomina
749 2290 861 2348 libertis
887 2291 980 2348 modo
1013 2299 1042 2348 et
1070 2290 1161 2348 servis
1195 2290 1345 2362 darentur,
1382 2291 1463 2347 haec·

287 2397 441 2455 consuedo
466 2397 555 2454 etiarn
580 2396 610 2453 in
628 2397 746 2454 Graeca
769 2396 893 2454 deorum
912 2397 1035 2454 nomina
1058 2396 1181 2455 transiit.
1224 2398 1327 2454 Paullo
1352 2393 1457 2476 post¹)

288 2503 395 2560 Latina
420 2519 541 2577 quoque
565 2501 689 2561 deonrm
714 2503 838 2560 nomina
868 2503 898 2560 in
923 2503 1051 2561 eundem
1075 2521 1160 2560 usum
1182 2512 1342 2573 verterunt,
1366 2512 1395 2559 et
1418 2503 1458 2559 ad

287 2610 367 2668 idern
393 2627 486 2684 genus
520 2609 675 2667 hominum
700 2611 914 2683 relegaverunt.
971 2612 998 2666 A
1023 2609 1168 2666 Romanis
1201 2628 1266 2666 mos
1298 2610 1457 2666 translatus

287 2725 331 2774 est
355 2716 393 2773 ad
418 2716 561 2772 Graecos.
612 2715 673 2787 Qui
696 2715 833 2788 ingenuis
858 2733 955 2789 aeque
979 2735 1015 2772 ac
1046 2715 1137 2773 servis
1160 2717 1237 2772 haec
1260 2715 1382 2771 nomina
1406 2715 1457 2771 da-

287 2823 369 2892 bant,
394 2839 464 2878 nam
489 2821 651 2879 absurdum
683 2831 755 2890 erat,
782 2821 917 2879 Graecos
940 2823 1059 2879 Graeca
1086 2821 1209 2879 nomina
1232 2821 1315 2896 parvi
1348 2822 1454 2878 facere.

289 2927 397 2986 Latina
420 2927 544 2986 deorum
577 2925 702 2984 nomina
726 2927 836 2985 Graeci
859 2946 922 2985 non
946 2937 1170 3002 usurpaverunt.
1186 2921 1213 3008 ²)
1258 2928 1324 2984 Nec
1356 2936 1456 2985 tamen

288 3034 398 3092 Graeci
421 3049 535 3090 morem
549 3033 724 3090 translatum
748 3041 807 3091 tarn
830 3033 881 3091 diu
906 3043 1104 3101 servavemnt,
1122 3051 1212 3107 quam
1230 3033 1371 3102 Romani,
1387 3051 1457 3089 nam

287 3140 479 3198 decesserunt
501 3139 561 3196 deo
585 3156 622 3196 eo
645 3138 746 3197 medio
778 3139 839 3197 fere
862 3139 951 3197 tertio
980 3140 1112 3208 saeculo,
1137 3138 1268 3196 Romani
1300 3157 1395 3212 usque
1419 3137 1458 3196 ad

288 3264 399 3304 annum
434 3261 494 3320 445
531 3246 723 3304 retinuerunt.
772 3246 912 3304 Mercurii
947 3255 1045 3304 autem
1081 3254 1111 3304 et
1143 3245 1257 3303 Phoebi
1289 3246 1412 3303 nomine
1442 3265 1460 3302 a

290 3353 414 3410 Graecis
440 3361 469 3410 et
493 3353 640 3410 Romanis
664 3354 757 3410 multo
781 3353 915 3412 crebrius
940 3353 1158 3428 usurpabantur
1180 3371 1271 3427 quam
1294 3361 1402 3410 cetera.

744 3513 1004 3588 Appendices.

613 3639 635 3696 I.
663 3636 758 3696 Index
782 3638 866 3696 deor.
893 3657 973 3697 nom.
999 3639 1058 3700 vol.
1081 3639 1133 3697 VI.

395 3742 626 3820 Aphrodite
665 3748 735 3803 286.
764 3749 860 3820 3446.
890 3746 1053 3824 (Afrodite)
1085 3747 1180 3822 8564.
1213 3747 1308 3822 9328,
1341 3746 1458 3820 10536.

294 3854 408 3924 10844.
455 3871 569 3927 12119.
616 3853 730 3911 12120.
769 3871 884 3911 12121.
914 3871 1029 3911 12122.
1059 3872 1311 3928 1²1²3·13104·
1343 3856 1458 3926 13286.

401 4147 421 4216 ¹)
441 4149 547 4199 Primum
577 4150 694 4200 Latinum
721 4149 761 4200 dei
789 4167 893 4218 nomen,
922 4151 969 4202 »C.
1000 4150 1131 4201 Terentius
1160 4151 1318 4211 Mercurius«,
1350 4164 1405 4200 curn
1434 4148 1460 4199 in

291 4247 453 4287 monumento
472 4237 605 4287 Marcellae
626 4240 753 4288 inventum
774 4239 813 4303 sit,
834 4239 906 4288 annis
925 4241 1071 4289 adscribitur
1092 4254 1205 4304 10-37,

397 4323 420 4390 ²)
447 4327 477 4375 In
503 4327 584 4375 tibulo
611 4327 745 4391 Eltbynieo
764 4329 795 4377 C.
818 4330 838 4377 1.
859 4329 894 4377 G.
916 4340 1000 4392 3705:
1030 4325 1109 4386 Γάϊος
1126 4326 1239 4390 Ἰούλιος
1262 4326 1365 4400 Ἑρμᾶς
1383 4325 1397 4379 ὁ
1416 4327 1461 4380 ital

289 4411 467 4486 Mrpaaripros,
488 4415 616 4467 Romanm
635 4433 686 4468 non
706 4418 817 4468 Graecus
836 4417 934 4472 videtur
952 4418 1038 4471 faisse.
