3534 5284
758 246 978 292 ...u-‚-

283 436 396 502 septem
415 427 506 487 servis
530 437 560 487 et
583 426 695 488 libertis
712 426 806 487 indita
830 437 907 499 sunt,
922 426 1049 486 efficitur
1065 425 1199 485 Graecos
1222 425 1319 486 omnis
1334 421 1452 502 generis

283 533 454 592 hominibus
478 535 602 594 deorum
627 535 751 593 nomina
774 535 963 610 imposuisse.

389 641 477 698 Nunc
493 640 600 715 quibus
614 641 644 698 in
657 641 741 699 terris
754 641 785 699 in
803 659 856 698 usu
869 641 978 698 luerint
991 641 1066 700 haec
1081 639 1206 698 nomina
1221 640 1384 698 videndum
1396 651 1450 699 est.

389 766 423 821 In
447 764 547 823 Attica
570 765 659 841 igitur
682 766 886 842 reperiuntur:
921 764 1036 850 Ἑρμῆς
1071 783 1108 840 23
1145 783 1186 837 χ,
1218 763 1336 848 Ἑρμᾶς
1369 766 1387 819 6
1421 781 1449 837 ><

285 871 404 945 Φοῖβος
431 887 467 946 25
496 868 661 956 χ,”Αρῆς
689 892 701 928 1
732 890 772 947 χ,
800 868 977 934 Ἀπόλλων
1006 891 1078 944 1><,
1097 863 1260 954 Ἀρτεμις
1286 886 1300 945 5
1331 889 1370 944 χ.

388 995 422 1052 In
446 995 588 1059 Boeotia:
619 1016 630 1052 1
661 1013 690 1070 ><
717 991 901 1079 Ἀθηναία,
932 1017 943 1053 1
977 1015 1004 1069 χ
1029 992 1175 1070 Παλλάς.
1230 1023 1239 1038 ·

345 1099 348 1106 ’
389 1103 423 1158 ln
447 1102 617 1164 Laconica:
646 1085 719 1178 2)(
748 1103 879 1177 Φοῖβος,

389 1210 421 1264 In
446 1218 545 1267 cetera
569 1210 796 1284 Peloponneso:
826 1201 1042 1294 23<ἙρμῆςΙ
1090 1207 1340 1266 Thessalonicae:
1366 1226 1383 1280 3
1410 1218 1451 1266 ><

281 1313 403 1397 Ἑρμῆς.
451 1316 485 1373 In
504 1315 703 1374 Macedonia:
734 1327 809 1382 1><
828 1314 1008 1378 Ποσειδᾶν.
1049 1317 1082 1373 In
1108 1314 1181 1373 mari
1206 1317 1346 1390 Aegaeo:
1377 1323 1453 1380 1><

279 1412 403 1504 Ἑρμῆς,
432 1441 443 1478 1
470 1429 515 1490 ><
536 1421 662 1507 Ἑρμᾶς.

388 1546 422 1601 In
449 1545 658 1606 Chersonneso
682 1546 829 1606 Taurica:
862 1567 872 1604 1
903 1559 944 1610 ><
969 1545 1093 1627 Ἑρμῆς,
1123 1566 1135 1602 1
1164 1553 1205 1613 ><
1222 1539 1348 1627 Ἑρμᾶς,
1378 1552 1453 1610 1><

281 1644 454 1734 Ἀθηναία.

387 1777 419 1831 In
453 1776 539 1849 Asia,
577 1778 678 1852 Cyzici
689 1787 699 1841 t'
735 1798 749 1834 2
776 1789 817 1846 ><
842 1773 966 1862 Ἑρμῆς.
1021 1779 1184 1851 Smyrnae:
1221 1797 1233 1832 1
1261 1786 1304 1843 ><
1326 1774 1450 1857 Ἑρμῆς,
1496 1837 1500 1842 ,

243 1946 246 1954 Ι
286 1900 297 1936 1
327 1894 366 1942 ><
391 1880 526 1966 Ἑρμᾶς.
567 1883 679 1942 Mileti:
708 1897 783 1946 2><
801 1884 926 1966 Ἑρμῆς.
966 1883 1190 1940 Halicarnassi:
1222 1902 1232 1938 ι
1265 1889 1303 1948 ><
1327 1880 1451 1964 Ἑρμῆς,

284 2007 294 2042 1
325 1993 366 2055 s<
393 1989 520 2063 Φοῖβος,
546 1989 576 2046 in
593 1992 707 2048 Ponto:
739 2010 749 2047 1
778 2003 820 2060 ><
844 1990 973 2074 Ἑρμᾶς.
999 1990 1029 2046 in
1055 1989 1189 2047 Galatia:
1219 2009 1233 2044 2
1262 2000 1302 2047 ><
1326 1985 1449 2070 Ἑρμῆς,

280 2096 309 2153 in
336 2093 479 2168 Phrygia:
509 2115 542 2151 11
572 2109 612 2156 ><
636 2088 759 2181 Ἑρμῆς,
788 2117 802 2154 2
832 2105 871 2163 ><
896 2092 1025 2180 Ἑρμᾶς,
1048 2116 1059 2152 1
1085 2108 1123 2160 ><
1143 2095 1275 2169 Φοῖβος,
1297 2093 1327 2149 in
1344 2091 1451 2151 Caria:

281 2211 356 2273 3>‹'.'
375 2199 506 2284 (Ερμῆς,
536 2217 611 2262 2><
628 2194 755 2287 Ἑρμᾶς,
782 2203 812 2260 in
837 2203 966 2262 Pisidia:
997 2223 1007 2258 1
1030 2215 1070 2269 ><
1088 2201 1211 2286 Ἑρμῆς,
1235 2220 1246 2256 1
1268 2213 1308 2260 ><
1324 2194 1452 2283 Ἑρμᾶς,

281 2305 311 2361 in
328 2305 436 2379 Lycia:
466 2327 479 2363 2
500 2318 535 2375 ><
559 2306 682 2391 Ἑρμῆς,
702 2328 718 2383 3
739 2323 780 2370 ><
797 2305 928 2395 Ἑρμᾶς,
946 2309 976 2366 in
991 2309 1215 2382 Commagene:
1239 2299 1450 2386 ι’)(Ἑρμῆς.

387 2432 422 2487 In
447 2431 566 2490 Africa:
593 2453 610 2508 3
638 2446 678 2494 ><
703 2433 829 2518 Ἑρμᾶς.

387 2538 420 2594 In
445 2537 549 2596 Italia:
581 2559 618 2595 10
646 2539 675 2596 Χ
699 2535 823 2624 Ἑρμῆς,
854 2561 865 2597 1
897 2541 925 2596 ><
951 2538 1081 2623 Ἑρμᾶς,
1115 2541 1133 2596 6
1161 2538 1189 2592 Χ
1219 2537 1348 2611 Φοῖβος,
1379 2555 1389 2590 1
1422 2533 1450 2588 )(

282 2641 428 2717 Παλλάς,
454 2663 470 2718 3
501 2645 528 2701 ><
554 2643 748 2729 ²Apporlalap,
781 2646 810 2703 in
835 2645 953 2705 Sicilia:
984 2665 995 2701 1
1029 2649 1053 2697 Χ
1079 2636 1203 2728 Ἑρμῆς,
1234 2663 1245 2699 1
1276 2642 1304 2698 ><
1323 2635 1451 2723 Ἑρμᾶς,

287 2767 297 2803 1
330 2747 357 2804 )(
387 2750 514 2825 Φοῖβος,
540 2750 679 2809 Melitae:
711 2773 722 2809 1
752 2752 781 2809 ><
805 2752 928 2836 Ἑρμῆς.

388 2873 533 2931 Videmus
557 2874 645 2950 igitur
668 2886 750 2934 extra
773 2875 933 2934 Graeciam
956 2876 1035 2932 hunc
1060 2893 1172 2932 morem
1198 2873 1326 2930 maxime
1356 2887 1452 2927 serva·

283 2987 344 3034 tum
370 2997 435 3036 esse
459 2978 488 3035 in
514 2980 586 3037 Asia
609 2981 734 3051 minore,
760 2983 811 3039 ubi
836 2986 876 3056 38
902 2982 1068 3039 invenimus
1092 2981 1216 3039 deornm
1242 2977 1374 3036 nomina.

388 3086 451 3141 Iani
476 3104 536 3158 quo
560 3096 694 3162 tempore
725 3089 799 3145 haec
830 3088 955 3146 nomina
988 3097 1128 3162 usurpata
1157 3086 1225 3154 sint,
1258 3085 1300 3142 ita
1330 3084 1452 3142 demon·

282 3190 392 3259 strabo,
424 3201 454 3248 ut
478 3210 522 3260 ea,
558 3210 636 3266 quae
668 3194 707 3252 ad
741 3204 853 3252 certum
889 3204 1005 3268 tempus
1038 3192 1146 3250 deferri
1176 3199 1310 3266 possunt,
1343 3189 1452 3247 tabulis

281 3313 451 3371 congeram.

386 3438 580 3497 Inveniuntur
602 3439 707 3516 igitur:

649 3619 820 3678 Saeculo
845 3620 971 3695 primo
995 3639 1024 3695 p.
1051 3621 1085 3678 C.

387 3768 503 3855 Ἑρμῆς
526 3779 583 3835 καὶ
607 3771 780 3855 Ἀμαθοῦς
807 3776 888 3855 [alni]
921 3783 1117 3859 Υρηστίωνος
1140 3773 1263 3862 Ἑρμοῦ.
1288 3780 1452 3858 Υρησῑίων

281 3879 407 3963 cEl'ller
432 3877 579 3954 ΠᾶΤῑΤῑθς
596 3880 719 3964 ἙρμΙᾶ]
738 3879 759 3964 ¹)
785 3882 821 3958 (c.
851 3905 862 3941 1
891 3904 919 3958 g.
948 3884 1044 3958 2130)
1064 3883 1239 3940 -Tiberio
1263 3882 1449 3956 imperatore.

387 3985 504 4071 Ἑρμᾶς
527 3981 644 4068 ἶῆηβθς
667 3989 785 4072 Ἑρμᾶς
809 3984 926 4072 ἔφηβος
950 3989 988 4064 (c.
1017 3997 1042 4045 1.
1068 3992 1104 4047 A.
1130 3991 1183 4057 III,
1213 4003 1293 4059 1079
1319 3996 1348 4042 et
1368 3985 1450 4040 1080

282 4125 323 4134 -
347 4112 373 4150 a·
400 4108 438 4167 45
465 4111 494 4167 p·
520 4093 553 4151 C·
658 4095 662 4102 '
916 4098 922 4108 ·

390 4385 409 4457 ¹)
428 4389 461 4440 cl.
482 4405 554 4456 supra
573 4405 598 4454 p.
619 4399 642 4454 5.
