3534 5284
811 247 1011 308 ...6.-

430 445 517 505 Unus
541 441 771 526 κλεινοπημόςῑ
819 446 858 505 Π.
885 440 1044 527 Βοιτηνὸς
1067 439 1190 527 Ἕρμῆς
1214 439 1424 527 κλεινοπηγός
1449 435 1495 525 (C.

375 553 412 610 G.
438 555 476 622 II,
505 568 609 626 2135:
633 551 663 610 in
687 555 811 626 Aegaeo
835 551 930 627 mari).

433 661 502 716 Duo
526 657 621 717 servi:
656 651 772 743 Ἑρμῆς
796 653 984 743 ἄκροφῦλαξ
998 651 1020 740 ¹)
1051 655 1100 722 (C.
1125 660 1148 715 I.
1174 659 1210 716 Α.
1234 659 1288 716 ΙΙΙ.
1318 657 1411 734 1294)
1441 664 1497 719 καὶ

289 845 291 850 Ι
325 764 455 850 Ἕρμᾶν
481 758 526 845 (C.
552 767 575 822 Ι.
604 766 641 824 G.
667 767 705 833 ΙΙ,
731 763 801 823 add.
829 783 913 835 2114
931 764 976 823 ·l.:
1002 764 1032 820 in
1056 765 1267 822 Chersonneso
1291 762 1444 846 Taurica).

435 873 533 945 Quem
558 890 674 930 servum
691 890 756 930 esse
779 871 849 929 inde
866 880 958 944 patet,
978 871 1061 944 quod
1091 871 1150 927 hoc
1165 869 1251 926 titulo
1273 869 1497 928 manumittitur.

438 997 474 1051 ro
502 977 530 1034 ><
557 973 679 1061 Ἑρμῆς
701 977 732 1034 in
756 975 847 1033 titulis
871 975 984 1033 Itaticis
1009 975 1160 1050 reperitur,
1175 970 1202 1055 ²)
1225 976 1321 1034 velut:

433 1089 475 1146 Λ.
501 1077 635 1159 Μᾶλιος
650 1082 765 1168 Ἑρμῆς
789 1083 943 1162 ῥέκτας
960 1075 983 1159 ³)
1001 1082 1032 1157 (Ι.
1051 1082 1089 1139 G.
1108 1083 1148 1140 K.
1166 1101 1240 1155 431·
1280 1081 1496 1160 Tauromenii).

406 1190 542 1268 ‚Ceteri
578 1189 627 1264 qui
662 1197 943 1255 commemorantur,
978 1199 1104 1263 excepto
1137 1188 1201 1246 cive
1232 1187 1283 1245 illo
1311 1187 1497 1257 Atheniensi,

327 1297 425 1356 liberti
448 1297 495 1355 vel
519 1296 595 1357 servi
619 1295 708 1354 [uisse
732 1294 878 1364 videntur,
905 1305 953 1352 ut:
991 1295 1169 1375 Σεπτίμιος
1191 1287 1316 1377 ‘Equo‘
1324 1318 1338 1368 ς
1359 1298 1498 1380 θρέψας

328 1397 363 1482 (l.
390 1405 427 1462 G.
454 1406 493 1461 K.
523 1418 623 1475 1477:
671 1401 811 1478 Romae).

435 1513 615 1592 Παπείριος
647 1504 770 1590 εΕρμῆς
794 1510 965 1593 Παπειρίᾳ
997 1504 1150 1592 [lanciator
1184 1508 1308 1592 συμβίῳ
1331 1506 1369 1582 (Ι.
1394 1507 1431 1564 G.
1458 1508 1496 1563 K.

333 1632 432 1690 1477:
480 1614 619 1690 Romae).
1227 1612 1231 1622 '

435 1720 605 1814 Ἰουοτείνμ
631 1722 757 1805 onustior
782 1716 965 1805 αἐιμνήοτῳ
988 1719 1110 1802 ζΕρμῆς
1132 1712 1255 1801 μνήνης
1278 1712 1376 1802 χάριν
1399 1715 1433 1800 (Ι.
1459 1719 1496 1776 G.

329 1830 369 1886 K.
399 1841 499 1903 1927:
547 1828 687 1904 Romae).
1083 1897 1087 1901 q

437 1937 608 1992 Romanum
633 1942 733 1991 antem
757 1951 870 1991 morem
896 1933 926 1990 in
954 1933 1000 1990 his
1032 1932 1124 1990 titulis
1157 1932 1403 2007 cognoscendum
1434 1949 1499 1990 esse

329 2041 376 2100 vel
400 2040 470 2099 inde
495 2049 586 2115 patet,
615 2035 703 2113 qnod
722 2037 851 2112 sigillum
875 2058 1002 2098 aeneum
1027 2048 1175 2114 repertum
1199 2039 1228 2096 in
1254 2058 1327 2113 agro
1353 2037 1497 2095 Reatino:

329 2149 353 2204 I.
372 2147 410 2205 G.
430 2149 469 2204 K.
499 2165 593 2218 2412,
613 2161 657 2202 ·2:
698 2145 750 2202 ubi
774 2155 818 2202 est
843 2147 1113 2206 ΜΛΡΙΙΙΛΝΝΙ
1135 2144 1340 2206 EPMHTIC
1364 2143 1500 2204 Latinam

330 2253 454 2328 praebet
477 2251 606 2309 nominis
630 2252 765 2320 formam,
789 2250 929 2308 Latinam
953 2249 1196 2320 declinationem,
1222 2251 1355 2309 Graecas
1378 2250 1498 2308 litteras.

331 2360 434 2416 Homo
468 2357 555 2432 igitur
579 2358 713 2415 Graecus
746 2358 916 2414 Romanum
949 2356 1066 2431 accepit
1097 2374 1217 2426 nomen,
1242 2355 1348 2414 Latine
1372 2355 1500 2414 assuevit

338 2464 467 2532 flectere,
493 2463 565 2522 solis
589 2463 692 2520 litteris
717 2463 866 2521 Graecum
892 2482 924 2520 se
947 2481 1012 2521 esse
1035 2464 1198 2537 profitetur.
1488 2437 1492 2444 ¹

437 2573 536 2645 Atque
560 2569 635 2628 haec
659 2568 781 2643 quidem
805 2569 844 2626 de
868 2570 1031 2641 Hermete,
1055 2586 1134 2626 nunc
1163 2569 1202 2628 de
1235 2569 1341 2628 ceteris
1374 2566 1500 2626 nomini·

331 2676 387 2734 bus
411 2675 574 2734 videamus.

822 2780 867 2844 'A
879 2785 907 2844 θ
921 2806 939 2864 η
954 2785 1010 2845 νᾶ

438 2891 499 2948 Ter
522 2888 670 2946 invenitur
692 2884 788 2967 (Keil,
812 2889 831 2944 l.
857 2907 883 2945 c.
910 2907 939 2962 p.
967 2888 1029 2962 22).

444 2995 472 3070 1)
516 2983 667 3066 ’I(ov).lor)
691 2983 831 3076 Ἀθηνᾶ
854 2990 1095 3076 Evvrotirpovss.
1112 2995 1135 3051 Ι.
1153 2995 1190 3054 G.
1208 2994 1246 3062 II,
1269 3010 1369 3067 1950:
1409 2992 1501 3050 Grae·

333 3102 398 3160 ciae
422 3102 535 3160 incerto
559 3102 636 3160 loco.
683 3103 718 3158 In
751 3099 817 3158 aliis
849 3099 941 3157 titulis
974 3100 1070 3158 forma
1093 3095 1266 3181 Ἀθηναία
1301 3108 1390 3167 extat,
1424 3115 1502 3172 quae

334 3227 402 3268 cum
424 3207 496 3266 alibi
520 3219 580 3265 tum
606 3207 636 3264 in
659 3205 750 3264 titulis
773 3205 880 3264 Atticis
905 3224 959 3280 pro
982 3205 1041 3263 dea
1064 3205 1193 3280 ponitur.
1207 3200 1236 3285 ⁴)

444 3313 474 3389 2)
519 3314 622 3371 Altera
645 3322 689 3371 est
712 3313 852 3370 sacerdos
876 3311 1043 3371 Thebana:
1090 3310 1130 3372 ‘H
1151 3306 1250 3394 βουλή
1281 3316 1338 3375 καὶ
1362 3303 1380 3373 ὅ
1403 3310 1504 3395 δῆμος

445 3606 693 3674 ¹),Distinguendum
719 3624 773 3656 esse
799 3608 863 3657 inter
888 3604 1080 3676 ἅκροᾳ-ὑλακας
1104 3616 1130 3658 et
1147 3605 1286 3676 πυλωρούς
1311 3617 1397 3658 monet
1421 3609 1504 3658 titulus

336 3700 367 3749 C.
388 3701 410 3748 Ι.
431 3700 464 3746 Α.
485 3699 532 3763 ΙΙΙ,
554 3697 633 3764 3906,
653 3697 696 3745 ubi
715 3705 765 3746 est:

443 3787 924 3841 xrourAA..,.rcA1rnnrrr
944 3830 950 3840 ,
970 3828 977 3841 ,
997 3824 1002 3838 .
1023 3778 1232 3853 fortunavit
1255 3786 1321 3853 [κων
1341 3828 1347 3841 .
1369 3825 1375 3838 .
1396 3828 1402 3841 .
1422 3786 1439 3853 .]
1460 3787 1506 3837 καὶ

335 3881 390 3927 τών
408 3875 554 3942 πυΙΙωρῶν
574 3919 579 3930 ,
600 3919 606 3930 ,
627 3875 644 3942 ]

444 3961 467 4030 ’)
487 3964 536 4026 Qui
555 3964 580 4012 in
600 3964 640 4012 his
660 3965 737 4013 titulis
756 3971 991 4020 commemorantur,
1014 3964 1104 4010 Graeci
1123 3963 1199 4012 fuisse
1225 3964 1348 4030 videniur,
1375 3964 1418 4028 qui
1437 3965 1504 4013 Lati-

338 4069 397 4101 num
416 4068 511 4100 morem
530 4052 564 4099 ita
583 4052 743 4106 imitarentur,
766 4059 792 4099 ut
811 4051 910 4099 Graeca
928 4050 1032 4111 uomina
1051 4051 1193 4100 retinerent.

445 4138 468 4205 ³)
486 4141 526 4188 De
545 4139 635 4208 ῥέκτας
658 4140 774 4189 dubitant
795 4139 840 4188 viri
865 4139 953 4188 docti:
990 4138 1140 4202 Cognomen
1166 4156 1220 4189 esse
1237 4141 1317 4189 Franz
1336 4142 1439 4204 putavit,
1461 4159 1505 4206 ap·

338 4229 470 4294 paritorem
489 4243 570 4276 rerum
589 4243 716 4277 sacrarum
735 4237 819 4277 censet
838 4228 942 4276 Kaibel.

446 4313 467 4382 ⁴)
488 4315 554 4364 Keili
575 4316 698 4364 sententia
717 4317 744 4380 (l.
767 4333 788 4370 c,
807 4333 834 4379 p.
856 4318 914 4381 22,)
930 4317 972 4381 qui
992 4317 1077 4365 statuit
1094 4313 1249 4381 Ἀθηναίαν
1271 4318 1379 4367 eandem
1404 4334 1459 4367 esse
1477 4334 1507 4368 ae

337 4401 467 4470 Ἀττικήν,
485 4405 564 4454 titulis
583 4405 673 4455 Atticis
691 4405 818 4456 refellitur.
