3534 5284
1024 2 1048 18 ..-

814 45 816 50 ,
879 37 894 60 ’ν
960 31 968 50 .’
1001 48 1026 62 Δ,
1063 44 1067 49 ,

1057 68 1068 77 .-

796 91 799 98 ι
913 80 941 100 ¹⁴»
968 96 988 105 „
1103 93 1119 117 χ

1117 117 1121 124 .

870 147 877 160 e
1128 158 1130 161 .

835 164 882 181 Q,

789 187 792 194 ,

857 271 875 292 ι’
948 271 952 277 ’

744 319 789 331 -ι
873 287 966 331 4⁴¹4..

854 341 855 344 1
906 332 919 339 ⁷¹
1026 334 1051 342 -ὶ

898 351 919 365 ’1

377 476 499 563 Ἑρμῆς
522 470 572 552 (C.
598 479 620 534 1.
646 480 681 537 A.
707 479 763 547 Ill,
794 471 888 558 1193)
912 512 958 524 -
980 497 1007 538 a.
1036 489 1195 553 230435·

376 572 563 667 Ἀθήναιος
590 581 734 660 Φοίβου]
760 579 810 664 (C.
835 586 856 641 I.
880 587 919 644 A.
944 587 1000 653 III,
1027 579 1105 665 202)
1128 617 1170 628 —-
1194 605 1238 643 ca.
1265 605 1291 644 a.
1321 601 1392 661 250.

376 687 514 773 Πρωτᾶς
536 698 592 752 καὶ
615 681 738 774 εΕρμῆς
761 690 795 750 C.
820 692 841 748 Ι.
868 691 907 750 G.
937 700 1018 766 19'19
1035 723 1074 731 -
1089 691 1252 750 Valeriano
1277 691 1348 766 imp.
1368 684 1439 772 (hoc

375 796 543 854 Boeckhius
559 795 685 870 censuit)
715 830 739 838 -·
775 797 794 856 i.
819 817 841 856 s.
872 817 907 854 11
934 797 1067 855 uomina.

375 921 420 976 Ex
443 919 551 976 tabulis
575 920 663 995 igitur
686 921 868 978 concludere
891 938 981 995 posse
999 921 1073 978 mihi
1097 921 1202 979 videor
1225 921 1359 978 Graecos
1383 921 1439 996 pri-

269 1044 348 1082 mum
378 1026 502 1083 deorum
535 1025 658 1083 nomina
686 1025 857 1084 hominibus
888 1026 1066 1101 imposuisse
1099 1027 1214 1083 Tiberii
1237 1027 1438 1102 temporibus
1482 1028 1484 1032 ’

269 1132 397 1190 maxime
421 1132 528 1189 favisse
556 1132 625 1189 huic
649 1132 725 1189 mori
754 1133 847 1190 altero
871 1133 990 1190 saeculo
1026 1151 1055 1207 p.
1081 1133 1126 1201 C.,
1151 1133 1316 1191 decessisse
1339 1134 1379 1192 de
1402 1152 1440 1190 eo

269 1249 395 1296 exeunte
419 1239 480 1297 fere
504 1238 590 1296 tertio
613 1239 743 1296 saeculo
957 1225 969 1234 ’

372 1539 533 1613 Deinceps,
547 1548 579 1596 ut
590 1548 652 1597 erat
669 1538 864 1614 propositum,
877 1539 917 1597 de
932 1540 961 1596 R
970 1538 1115 1596 omanis
1131 1539 1303 1598 nominibus
1313 1540 1437 1600 dicatur.

267 1647 293 1702 A
317 1644 464 1703 Romanis
489 1644 576 1719 igitur
597 1646 672 1703 haec
696 1645 819 1703 deorum
841 1645 966 1702 nomina
981 1663 1036 1720 pro
1052 1645 1283 1720 cognominibus
1299 1657 1440 1721 usurpata

266 1763 353 1811 sunt:
379 1750 555 1826 Aphrodite,
582 1751 701 1825 Apollo,
728 1751 865 1819 Artemis
892 1751 1020 1819 Athena,
1045 1752 1183 1819 Hermes,
1207 1752 1316 1820 Pallas,
1345 1753 1437 1810 Phoe·

267 1858 330 1927 bus,
367 1857 528 1926 Poseidon,
562 1875 639 1930 quae
676 1857 777 1915 omnia
815 1838 897 1932 apud
928 1857 1062 1915 Graecos
1098 1857 1169 1914 item
1202 1857 1438 1916 inveniebamus.

266 1966 377 2023 Contra
405 1966 529 2032 »Ares«,
554 1963 605 2037 qui
628 1963 721 2020 semel
744 1963 880 2020 exstabat
914 1963 944 2019 in
975 1962 1067 2020 titulis
1101 1963 1235 2034 Graecis
1269 1963 1299 2021 in
1321 1964 1439 2035 Latinis

265 2085 327 2130 non
351 2070 503 2145 reperitur.
553 2069 744 2145 Saepissime,
769 2080 800 2126 ut
830 2069 911 2144 apud
935 2070 1068 2156 Graecos
1099 2068 1139 2127 ita
1168 2066 1249 2144 apud
1273 2070 1438 2146 Romanos

266 2177 404 2236 Mercurii
417 2194 537 2244 nomen,
548 2179 610 2247 840
627 2193 667 2251 ><,
681 2187 853 2250 usurpatum
864 2186 909 2233 est
921 2175 1013 2250 idque
1026 2175 1119 2234 tribus
1131 2174 1233 2232 formis
1248 2191 1253 2223 ⁷
1268 2177 1437 2241 Hermes,

264 2286 432 2350 Herma,
469 2284 663 2352 HermaS,
690 2299 816 2357 quorum
841 2281 937 2356 prima
960 2282 1049 2356 longe
1073 2280 1231 2356 plurimum
1255 2292 1359 2340 exstat.

373 2407 519 2480 Exempla
534 2407 620 2480 hujus
637 2405 776 2475 nomime,
794 2404 936 2479 quoniam
953 2406 1105 2478 permulta
1120 2415 1196 2473 sunt,
1214 2404 1290 2461 infra
1308 2407 1438 2473 asseram,

267 2513 318 2570 ubi
343 2522 508 2587 quaeretur,
534 2513 616 2586 cujus
639 2510 756 2587 generis
781 2510 952 2568 hominibus
976 2510 1052 2567 haec
1076 2508 1200 2566 nomina
1223 2510 1297 2568 data
1320 2511 1387 2571 sint.

729 2652 971 2728 Aphrodite

376 2794 412 2853 57
444 2797 472 2852 χ
498 2777 634 2844 occurrit,
659 2777 756 2836 velut:
776 2776 931 2836 Herennia
947 2775 1169 2851 Aphrodite
1185 2794 1269 2833 soror
1286 2769 1332 2857 (C.
1357 2777 1381 2834 Ι.
1406 2778 1442 2838 L.

268 2887 307 2954 II,
327 2887 410 2958 4382
430 2885 624 2960 Tarracone).
661 2883 765 2942 Cassia
782 2884 1000 2954 Asrodote,
1018 2881 1063 2959 (C.
1081 2884 1104 2942 I.
1129 2884 1164 2941 L.
1182 2885 1237 2952 ΙΙΙ,
1260 2901 1363 2958 2194:
1389 2885 1440 2941 Sa-

267 2991 344 3048 lonis
368 2989 557 3065 Dalmatiae).
584 2991 621 3048 D.
641 2989 682 3046 M.
701 2989 848 3047 Baburiae
872 2989 1111 3047 Afroditeni
1135 2991 1170 3046 T.
1196 2989 1366 3058 LiburniuS,
1392 2984 1439 3070 (C.

267 3071 288 3154 1}
308 3098 341 3156 L.
360 3098 398 3165 V,
421 3098 520 3171 1697:
546 3091 684 3177 Albanis)
702 3095 846 3152 Mummia
862 3095 913 3152 Af
919 3095 1068 3162 rodite,
1087 3094 1125 3170 (c.
1140 3096 1193 3163 VI,
1212 3095 1310 3171 3446)
1324 3088 1349 3172 i³)
1366 3095 1442 3154 Iulia

268 3204 317 3260 As
321 3222 334 3259 r
346 3201 451 3260 odite
463 3212 602 3276 patron0,
617 3200 680 3274 (vt,
700 3197 826 3282 20270)
844 3200 1440 3274 CeleriaeAphroditeniFucentius

268 3307 398 3384 conjugi,
416 3307 480 3382 (IX,
498 3324 599 3390 3714:
618 3308 648 3364 in
673 3306 781 3364 finibus
805 3304 997 3388 Marsorum).
1045 3307 1090 3364 M.
1113 3305 1251 3362 Aurelius
1284 3307 1440 3364 Secundus

268 3414 337 3472 secit
361 3413 417 3472 sibi
442 3423 470 3472 et
491 3412 587 3490 Juliae
610 3411 868 3489 Aphrodite,
896 3407 988 3494 (XIV,
1015 3414 1097 3487 367:
1124 3405 1249 3494 Ostiae).

777 3573 934 3650 Apollo

378 3735 393 3796 5
421 3736 451 3794 ><
476 3715 641 3777 invenitur:

376 4066 397 4138 ²)
416 4069 445 4120 In
464 4077 536 4120 tanta
553 4065 723 4134 exemplorum
742 4065 815 4133 copia
833 4083 884 4118 non
904 4066 990 4118 omnia
1008 4065 1119 4135 afferam,
1133 4065 1179 4116 sed
1199 4083 1236 4123 ea,
1253 4081 1316 4132 quae
1330 4064 1438 4114 maxime

268 4167 324 4212 sunt
337 4170 475 4210 memoratu
487 4160 572 4224 digna,
589 4159 691 4222 eligam.
709 4159 806 4218 Cetera,
823 4159 865 4222 qui
879 4173 1029 4222 cognoscere
1043 4157 1104 4223 vult,
1119 4157 1152 4204 ad
1172 4156 1267 4204 iudices
1281 4155 1440 4203 voluminum

270 4250 300 4298 C.
318 4251 337 4298 l.
353 4249 383 4298 L.
404 4249 498 4312 relego.
539 4238 588 4296 Ubi
600 4247 674 4294 index
694 4247 805 4296 nondum
820 4246 973 4308 compositus
986 4253 1032 4311 est,
1048 4246 1101 4310 ejus
1115 4244 1248 4292 voluminis
1260 4243 1376 4306 exempla
1389 4258 1438 4305 ego

271 4338 355 4385 omnia
375 4353 508 4400 congeram
529 4337 554 4384 in
575 4335 724 4398 appendice.

377 4438 399 4520 ²)
417 4442 494 4494 Tituli
513 4442 564 4494 vol.
586 4441 631 4492 vl.
652 4457 740 4492 omnes
759 4449 816 4492 sunt
834 4441 932 4491 Romae
949 4442 1047 4506 reperti.
