3534 5284
650 298 695 309 -
744 277 785 340 1⁷.
827 298 873 310 -

286 456 316 545 5)
340 462 443 520 Venus
467 462 505 518 K.
534 507 539 520 .
566 459 631 536 (viri
655 459 778 537 nomen)
791 455 816 541 ¹)
840 460 933 519 dedit.
980 463 1065 532 VIII,
1095 463 1218 536 10835:
1243 462 1348 520 Zabla-

178 590 227 630 rae
251 571 282 628 iu
305 567 448 627 Numidia
472 567 690 642 proconsulari.

287 675 316 754 6)
362 675 460 733 Vedia
476 675 623 749 Voluptas
640 673 710 732 fecit
727 673 783 732 sibi
804 683 832 732 et
848 675 966 733 Vediae
988 675 1099 732 Veneri
1115 685 1144 733 et
1160 676 1192 734 P.
1217 673 1350 732 Ostiensi

180 781 386 859 Epaphrodito
410 777 618 863 parentiblus).
664 783 702 851 X,
729 783 829 856 6189:
855 781 992 840 Formiis.

705 889 828 946 Vesta

181 996 273 1054 semel
297 993 453 1067 invenitur,
478 995 531 1063 IX,
559 997 659 1066 2748:
684 994 856 1052 Aeserniae.
905 995 1012 1069 Suejae
1035 995 1074 1066 Q.
1099 996 1134 1054 L.
1158 995 1278 1052 Vestae.

287 1103 375 1159 Haec
402 1109 469 1157 sunt
500 1100 624 1157 deorum
656 1101 781 1158 nomina
811 1119 829 1157 a
861 1101 1007 1158 Romanis
1038 1119 1093 1176 pro
1121 1098 1353 1175 cognominibus

181 1215 330 1280 usurpata.
379 1206 466 1263 Nunc
491 1205 599 1279 quibus
629 1205 801 1264 hominibus
831 1207 922 1264 haec·
940 1207 1064 1264 nomina
1087 1207 1182 1265 indita
1214 1199 1281 1276 sint,
1305 1205 1354 1263 de·

130 1291 131 1294 Ἴ
183 1312 367 1371 monstrabo.
408 1311 477 1380 Sed,
496 1311 667 1387 priusquam
685 1313 724 1370 ad
739 1313 856 1387 singula
879 1312 1068 1383 accedamus,
1092 1313 1227 1371 universe
1250 1322 1354 1368 notan-

183 1419 254 1478 dum
279 1427 323 1482 est
347 1418 464 1475 Graeca
487 1417 611 1475 nomina
634 1438 652 1476 a
676 1419 821 1476 Romanis
845 1420 1021 1494 plerumque
1045 1420 1157 1477 libertis
1182 1419 1255 1477 data
1279 1436 1355 1485 esse,

184 1525 222 1583 de
245 1542 351 1599 quare
376 1525 451 1582 haec
468 1524 541 1582 dicit
558 1526 738 1595 Mommsen,
756 1525 920 1584 Romische
936 1527 1149 1601 Forschungen
1172 1527 1194 1593 1,
1212 1544 1241 1599 p.
1268 1526 1308 1581 60
1319 1516 1354 1602 2);

189 1631 309 1689 »Sicher
331 1631 437 1706 gehdrt
460 1629 559 1688 dieser
581 1630 644 1689 Zeit
668 1630 707 1706 (a.
734 1634 784 1689 80.
811 1651 837 1690 a.
864 1631 910 1709 C.)
935 1632 1068 1705 zugleich
1093 1632 1142 1690 die
1159 1630 1357 1703 Feststellung

151 1807 154 1816 Ι
189 1737 261 1795 »der
283 1736 455 1795 bekannten
479 1737 575 1811 Regel
598 1755 647 1806 an,
672 1738 742 1796 dass
765 1737 815 1795 die
839 1737 1031 1811 Cognomina
1060 1736 1266 1812 griechischen
1297 1734 1357 1792 und

190 1842 375 1919 »uberhaupt
403 1842 616 1900 unrdmischen
646 1843 827 1918 Ursprungs,
862 1843 922 1901 den
946 1834 1192 1918 Freigelassenen
1223 1842 1284 1900 und
1314 1859 1359 1897 ur-

191 1949 381 2024 »sprlinglich
405 1949 481 2006 auch
514 1949 592 2006 wohl
617 1950 708 2008 deren
744 1951 877 2022 Sohnen,
910 1949 1079 2024 diejenigen
1111 1948 1280 2006 romischen
1304 1948 1357 2004 Ur·

192 2074 333 2132 »sprungs
357 2056 417 2115 den
441 2055 682 2131 Freigeborenen
708 2056 905 2114 vorbehalten
928 2055 1025 2114 sind.‹

298 2162 354 2220 Cui
378 2163 438 2236 legi
461 2173 557 2220 utrum
581 2163 704 2221 deorum
729 2181 850 2238 quoque
873 2162 998 2221 nomina
1022 2172 1050 2220 et
1067 2162 1185 2219 Graeca
1208 2169 1237 2218 et
1252 2159 1362 2218 Latina

188 2268 322 2326 obnoxia
345 2268 412 2339 siut,
437 2288 517 2326 nunc
540 2267 704 2328 videamus

297 2376 383 2433 Unus
419 2375 552 2433 omniurn
585 2356 693 2433 divinis
739 2374 912 2433 nominibus
951 2375 1154 2449 praeditorum
1187 2373 1241 2431 suit
1269 2390 1362 2447 eques

193 2483 364 2542 Romanus:
402 2482 437 2540 L.
470 2482 586 2541 Tettius
620 2484 747 2540 Hermes
780 2501 829 2556 eq.
854 2482 912 2560 (es)
936 2481 1099 2558 r(0manus)
1130 2480 1313 2539 kandidatus
1336 2489 1364 2536 et

193 2574 335 2664 patronus
359 2587 446 2662 hujus
470 2588 538 2658 loci,
564 2591 617 2648 VI.
644 2593 717 2661 406.
855 2661 859 2667 q
1286 2648 1288 2651 .

302 2695 428 2769 Ingenui
440 2705 541 2753 autem
558 2697 655 2755 solent
668 2715 733 2755 esse
750 2715 787 2754 ex
799 2695 958 2753 militibus:
970 2693 1160 2770 principales
1174 2689 1364 2767 praetoriani,

195 2801 303 2860 milites
333 2801 500 2859 cohortium
525 2802 715 2873 urbanarum,
740 2802 908 2877 legionarii,
937 2800 1051 2860 deinde
1073 2799 1100 2857 ei
1123 2799 1255 2866 tribules,
1286 2797 1366 2872 apud

195 2925 272 2982 quos
295 2906 387 2982 patris
412 2926 523 2966 nomen
548 2909 683 2967 additum
708 2919 769 2983 est·,
795 2903 914 2990 (Neque
947 2906 1026 2964 enim
1051 2923 1155 2963 omnes
1178 2903 1301 2961 tribules
1324 2904 1366 2960 in-

196 3012 286 3087 genui
309 3023 402 3082 erant,
428 3014 481 3071 sed
505 3014 536 3070 in
559 3014 695 3072 tribubus
718 3014 839 3072 urbanis
863 3014 998 3089 plerique
1028 3011 1126 3070 liberti
1151 3021 1244 3079 erant,
1268 3010 1299 3068 in
1323 3029 1367 3067 ru·

197 3116 277 3174 sticis
301 3136 363 3174 non
391 3117 447 3176 nisi
472 3119 603 3194 ingenui.
651 3121 697 3177 Cs.
722 3121 903 3190 Mommsen,
929 3121 966 3176 R.
992 3119 1030 3175 G.
1048 3120 1101 3187 Ill,
1122 3137 1150 3192 p.
1177 3114 1260 3194 447).
1308 3114 1366 3191 (Cs.

198 3223 336 3293 Illibner,
360 3224 450 3282 Ro'm.
468 3223 653 3300 Epigraphik
677 3246 706 3301 p.
734 3227 818 3304 518.)
865 3225 947 3284 Nihil
972 3224 1060 3311 igitur
1084 3225 1185 3282 obstat
1209 3221 1368 3296 quominus
1438 3268 1440 3272 ,

197 3331 394 3414 ingenuorum
418 3330 541 3389 nomina
564 3331 654 3390 luisse
678 3334 752 3390 haec
776 3349 965 3391 censeamus:
992 3350 1008 3405 3
1034 3330 1223 3405 principales.

309 3431 337 3522 1)
389 3458 400 3494 1
432 3437 641 3505 beneficiarius
670 3440 811 3516 praelecti
843 3441 896 3510 VI,
930 3453 1009 3498 220:
1042 3440 1073 3499 P.
1090 3434 1263 3500 ,Tuticanio
1294 3417 1369 3472 Hes·

198 3545 269 3605 meti
293 3545 326 3604 B.
351 3545 412 3603 PR.

309 3652 338 3730 2)
389 3673 400 3711 1
429 3652 644 3714 comicularius
675 3654 785 3716 tribuni
808 3655 891 3725 XIV,
931 3654 1007 3711 160:
1033 3651 1147 3710 Ostiae.
1196 3649 1230 3708 C.
1254 3647 1370 3706 Vettius

203 3759 368 3818 Mercurius
402 3761 625 3820 cornicularius.
682 3762 784 3820 Basilii
816 3760 986 3818 Crescentis
1018 3756 1138 3815 tribuni.
1184 3757 1239 3826 VI,
1266 3771 1371 3829 2931:

309 3861 339 3948 3)
374 3867 411 3922 D.
438 3869 478 3926 M.
504 3869 547 3926 M.
571 3867 685 3927 Antoni
717 3869 758 3926 M.
795 3869 813 3926 f.
848 3867 922 3924 Fab.
954 3865 1069 3923 Phoebi
1103 3864 1165 3922 mil.
1197 3862 1265 3922 coh.
1298 3861 1371 3923 XIV

191 3971 265 4031 urb.
293 3987 307 4045 7
335 3971 477 4029 Perennis
500 3973 718 4051 stipendiorum
743 3976 814 4033 IIII
838 3982 958 4032 secutor
972 3970 1092 4030 tribuni.

313 4337 334 4416 1)
353 4343 439 4400 Editor
456 4343 506 4400 hoc
525 4343 605 4402 addit.

311 4435 334 4510 ¹)
351 4439 400 4490 Ed.
422 4439 515 4514 Berlin,
540 4441 615 4506 1864.
