3534 5284
517 700 796 803 Sententiae
833 705 1184 802 controversae.

800 1055 866 1114 ,Ι.

373 1181 447 1240 Tac.
472 1178 543 1239 dial.
569 1197 635 1254 cap.
649 1179 677 1234 V
701 1179 731 1236 in
756 1180 815 1237 fine
837 1179 923 1254 lego:
948 1176 1034 1234 sive
1057 1175 1096 1234 in'
1108 1175 1229 1252 judiciis
1254 1176 1316 1235 sive
1339 1175 1369 1235 in
1393 1195 1436 1234 se·

266 1296 338 1344 natu
362 1285 424 1344 sive
447 1284 527 1362 apud
552 1284 730 1361 principem.

831 1480 869 1536 ΙΙ.

374 1605 492 1664 Pindar.
518 1605 603 1680 Pytb.
628 1606 652 1674 l,
680 1621 716 1680 5²
743 1605 812 1680 lego
836 1607 903 1661 c'um
928 1603 1203 1661 Raucbensteinio:

555 1799 559 1806 .
891 1703 951 1773 miv
975 1704 1137 1796 ὀόἷνᾶγκᾳ
1160 1706 1211 1791 μή
1236 1708 1330 1791 φίλον

577 1825 637 1878 καί
655 1839 702 1890 τις
724 1812 789 1878 dciv
811 1813 1006 1900 μεγαλάνωρ
1029 1809 1153 1878 ἔσανεν.

825 2011 877 2070 III.

373 2133 488 2191 Lucret.
512 2134 549 2201 Π,
577 2147 639 2208 500
664 2151 727 2207 seq.
752 2133 839 2210 lego:

449 2239 512 2296 Iam
537 2238 591 2296 tibi
616 2238 791 2298 barbaricae
807 2249 904 2298 vestes
926 2239 1141 2314 Meliboeaque
1163 2238 1279 2314 fulgens

450 2345 583 2419 Purpura
606 2343 782 2402 Thessalico
805 2346 989 2403 concharum
1013 2355 1093 2403 tacta
1116 2345 1217 2403 colore
1240 2354 1279 2402 et

447 2453 548 2508 Aurea
572 2469 724 2525 pavonum
749 2451 857 2509 ridenti
880 2451 995 2509 imbuta
1017 2450 1121 2527 lepore

448 2557 556 2616 Saecla
578 2575 659 2614 novo
682 2574 779 2615 rerum
804 2569 943 2634 superata
967 2557 1069 2616 colore
1088 2559 1232 2632 jacerent.

826 2749 880 2811 IV.

374 2874 428 2948 Ea,
464 2892 541 2951 quae
575 2876 676 2934 Livius
712 2876 732 2936 l.
756 2877 840 2948 XXI,
867 2877 997 2950 31-38
1034 2875 1073 2934 de
1107 2866 1220 2950 Alpino
1256 2875 1437 2935 Hannibalis

267 2981 390 3037 transitu
413 2981 545 3051 tradidit,
570 2983 630 3040 lide
654 2992 764 3040 carent.

834 3176 872 3234 V.

374 3297 598 3373 Philologornm
629 3298 727 3356 studia
759 3298 801 3357 ita
833 3299 864 3356 in
902 3318 938 3357 12
964 3300 1119 3359 semestria
1149 3299 1374 3371 distribuantur,
1406 3311 1438 3360 ut

270 3403 398 3479 peractis
424 3407 442 3461 6
467 3405 624 3480 prioribus
651 3404 848 3479 quantumin
872 3405 975 3466 litteris
998 3408 1188 3483 profecerint,
1212 3417 1369 3483 spectetur.

828 3601 880 3661 VI.

376 3725 541 3785 Historiam
573 3725 642 3783 artis
675 3725 818 3801 plasticae
848 3743 939 3785 nosse
969 3725 1081 3785 debent
1113 3725 1212 3784 literas
1243 3735 1375 3784 veterum
1405 3723 1436 3783 in

268 3830 430 3904 gymnasiis
454 3830 580 3891 docturi.
