3534 5284
796 301 1016 354 ..14-

433 478 462 554 1)
508 477 542 535 C.
566 475 717 552 Vergilius
741 476 854 550 Apollo
870 469 903 554 ¹),
928 477 966 544 V,
993 477 1097 549 6785:
1123 476 1234 532 Ivreae.

431 585 462 662 2)
507 584 619 658 Apollo
643 582 713 640 fecit
737 581 817 639 tiliae
840 582 894 649 Vr,
924 600 1039 651 12142.

429 683 460 770 3)
511 691 567 746 »D.
594 691 635 746 M.
660 688 819 763 Apollonis
834 681 855 763 ²)
879 687 951 743 vixit
974 705 1084 743 annum
1116 695 1144 744 et
1168 705 1285 745 menses
1309 689 1351 743 ΙΙΙ
1375 659 1407 743 et
1428 686 1491 743 dics

327 797 387 852 »Vl
403 795 483 852 filiae
499 793 682 852 Turannidis
699 804 728 851 et
745 793 893 868 Minippie
909 791 1101 849 dulcissimae
1116 793 1282 862 fecerunt«,
1300 794 1352 861 VI,
1377 809 1490 867 12145.

364 875 366 881 Ι
428 901 567 958 Ceterum
591 899 621 958 in
647 910 728 958 certa
752 909 795 958 est
821 898 898 956 tituli
910 898 1009 956 lectio.
1037 899 1163 956 Henzen
1186 899 1266 956 enim
1290 917 1357 956 cum
1382 899 1489 957 addat:

326 1026 442 1066 »errore
471 1006 651 1082 quadratarii
675 1005 804 1063 videtur·
819 1003 974 1078 Menippie
998 1037 1040 1045 -
1065 1005 1257 1062 MENIPPIE
1281 1037 1325 1046 -
1348 1024 1401 1078 pro
1430 1006 1492 1060 Me·

326 1113 437 1189 »hippi
463 1113 482 1172 l.
509 1147 549 1156 -
575 1112 740 1169 MENIPPI
763 1111 782 1167 l.
807 1109 982 1184 scriptum«,
1000 1109 1080 1166 tiliae
1103 1110 1286 1168 Turannidis
1309 1119 1339 1168 et
1355 1109 1492 1184 Menippi

321 1230 341 1278 t.
366 1217 516 1298 (libertae)
540 1228 640 1276 votum
665 1215 787 1273 solvisse
811 1215 957 1274 videntur.

429 1327 459 1400 4)
506 1327 536 1382 P.
563 1323 701 1381 Scantius
725 1322 809 1380 Felix
833 1325 865 1380 P.
891 1323 993 1379 Scanti
1018 1322 1167 1397 Apollinis
1191 1322 1278 1392 filins,
1303 1323 1354 1390 VI,
1377 1340 1491 1395 19313.

431 1429 460 1507 5)
506 1430 596 1487 Iulius
621 1429 732 1504 Apollo
756 1428 902 1503 gemellae
926 1429 973 1503 fil3
997 1430 1050 1501 VI,
1081 1433 1195 1502 19842.

819 1533 996 1591 Artemis

434 1661 468 1698 11
491 1659 520 1716 χ
538 1640 686 1698 invenitur
708 1641 807 1698 velut:

430 1747 562 1805 Caecilia
578 1746 717 1814 ArtemiS,
734 1748 773 1816 ΙΙ,
793 1748 895 1820 3784:
921 1747 961 1804 ad
984 1745 1171 1804 Valenciam.

355 1883 357 1888 ·
428 1854 467 1912 Ti
491 1853 619 1912 Claudio
643 1855 776 1910 Hermae
800 1829 930 1910 Arteinis
955 1853 1085 1927 conjugi,
1109 1854 1163 1921 VI,
1193 1868 1307 1927 15105.

429 1960 521 2035 Ulpia
544 1959 673 2016 Artemis
696 1958 840 2034 permissu
864 1959 993 2033 patroni,
1018 1960 1070 2028 VI,
1100 1962 1214 2034 19847.

430 2059 584 2126 Geminus
600 2075 629 2122 et
653 2065 783 2123 Artemis
807 2066 971 2122 memoriae
994 2066 1138 2122 Salluriae
1161 2065 1317 2122 Naevillae
1332 2067 1370 2133 X,
1397 2067 1492 2138 6805.

323 2173 480 2232 Stertiniae
498 2172 661 2231 Artemidis
679 2173 741 2229 Ser.
760 2170 918 2229 Cornelius
936 2171 1086 2244 Eutychus
1102 2173 1186 2240 XIV,
1206 2173 1306 2244 3382:
1324 2173 1492 2227 Praeneste.

831 2277 991 2336 Athena

323 2385 415 2444 semel
432 2385 568 2454 occurrit,
587 2385 698 2444 forma:
716 2375 823 2443 Atena.
837 2383 935 2457 Aegia
950 2386 1076 2442 Arena
1091 2403 1128 2442 ex
1147 2430 1153 2442 .
1172 2431 1178 2442 .
1198 2430 1203 2441 .
1221 2394 1322 2441 votnm
1339 2383 1418 2440 lecit.
1436 2384 1495 2469 ΙΙΙ,

324 2495 385 2562 642
412 2490 557 2566 Philippis
582 2490 792 2548 Macedoniae.

428 2597 570 2654 Pallas
610 2615 647 2671 19
675 2615 704 2671 ><
740 2607 844 2666 exstat,
878 2598 975 2654 velut:
1010 2597 1137 2655 Claudia
1168 2597 1276 2664 Pallas,
1310 2598 1361 2665 Vl,
1398 2611 1492 2668 3719.

322 2705 360 2760 D.
387 2705 428 2762 M.
454 2702 578 2761 Asiniae
602 2702 733 2760 Palladis
758 2705 812 2768 VI,
842 2718 957 2778 12550·

428 2811 467 2867 D.
484 2808 570 2866 Iunio
588 2808 768 2884 Primigenio
787 2809 933 2886 -RInnia
949 2810 1048 2867 Pallas
1065 2809 1134 2866 fecit
1157 2807 1286 2882 conjugi,
1304 2809 1356 2876 Vl,
1378 2807 1493 2879 20926.

429 2913 589 2972 Sallustiae
614 2914 728 2972 Palladi
753 2915 832 2972 filiae
856 2923 1007 2990 optumae,
1032 2917 1070 2986 X,
1096 2930 1193 2989 4325.

428 3017 562 3078 Luciliae
586 3020 629 3076 M.
663 3021 697 3076 L.
723 3018 849 3088 Palladi,
885 3018 919 3077 C.
944 3020 967 3077 I.
992 3020 1029 3077 R.
1058 3035 1131 3091 271,
1156 3018 1195 3076 ad
1219 3017 1357 3075 Rhenum
1390 3027 1496 3074 contra

322 3126 580 3201 Dusseldorpium.
674 3167 681 3186 .

809 3188 1027 3290 Ρὴοεῦιιε.Ι

434 3354 491 3413 175
522 3358 550 3414 χ
576 3339 713 3408 occurrit,
739 3341 822 3414 cujus
847 3340 985 3413 exempla
1008 3329 1084 3395 infra
1107 3338 1266 3414 proferam,

808 3448 858 3503 Po
869 3465 882 3502 s
893 3445 927 3504 ei
939 3446 958 3503 d
970 3465 988 3502 o
997 3464 1017 3502 n

323 3550 414 3610 semel
428 3559 530 3621 exstat,
544 3551 598 3622 IV,
614 3555 692 3627 385:
710 3551 860 3627 Pompeis.
886 3552 1040 3610 CVSPIW
1057 3552 1102 3608 ΙΙΙ
1115 3552 1209 3610 AED.
1227 3550 1387 3609 Posido.
1403 3547 1492 3606 FAC.

429 3656 542 3715 Posido
566 3657 646 3716 idem
665 3676 790 3716 esseae
816 3644 966 3716 Poseidon
991 3667 1124 3732 apparet.
1172 3655 1284 3714 Posido
1308 3664 1405 3712 autem
1432 3671 1494 3710 non

322 3762 535 3840 compendium
568 3781 633 3824 esse
657 3763 817 3823 Posidonis
851 3765 899 3823 vel
922 3763 997 3824 alius
1021 3762 1161 3821 vocabuli
1194 3761 1266 3820 inde
1294 3770 1385 3837 patet,
1411 3760 1494 3834 quod

432 4074 452 4146 ¹)
471 4079 541 4129 Nihil
560 4089 597 4130 est
620 4079 688 4146 quod
710 4079 833 4146 ›Apollo‹
861 4089 975 4150 putemus
998 4077 1175 4144 compendium
1204 4092 1326 4143 esse·pro
1344 4075 1493 4142 Apollonio.

323 4167 390 4218 Nam
410 4167 517 4232 primum
537 4167 664 4232 Apollinis
684 4185 776 4220 nomen
796 4172 954 4235 cognominis
973 4171 1030 4218 loco
1046 4178 1188 4234 usurpatum
1206 4185 1261 4218 esse
1286 4168 1391 4232 genitivi
1410 4167 1496 4216 formis

324 4259 449 4321 probatur,
473 4257 565 4306 deinde
588 4257 740 4321 ‹Apollon‹‚
772 4276 823 4308 non
850 4258 995 4323 »Appollo«
1015 4275 1060 4322 per
1072 4256 1248 4320 compendium
1263 4255 1337 4305 scribi
1362 4258 1426 4305 solet
1450 4271 1496 4320 pro

323 4341 472 4409 Apollonio.

431 4429 453 4504 ²)
472 4433 513 4484 De
532 4451 547 4483 ο
566 4449 611 4501 pro
632 4434 639 4484 i
659 4443 756 4486 servato
774 4436 799 4490 iu
817 4437 913 4488 flexura
932 4436 966 4488 cs.
987 4437 1058 4487 Neue
1076 4435 1093 4491 l.
1115 4452 1138 4486 c.
1159 4452 1185 4502 p.
1210 4436 1268 4501 165.
