3534 5284
799 295 997 346 ..4..

421 473 574 551 Μέμμιος
607 459 723 550 Ἑρμῆς
758 463 874 550 ἔφηβος
910 469 1010 549 φυλῆς
1044 467 1271 539 Πανδιονίδος.
1319 463 1368 548 (C.
1398 470 1420 526 I.
1446 471 1483 526 A.

314 579 368 645 III,
388 596 478 650 1192,
504 575 572 632 eod.
597 577 700 649 temp.)

422 681 484 754 Qui
506 690 602 738 utrum
627 681 760 738 Romani
783 681 908 754 putandi
940 680 1015 749 sim,
1052 682 1103 754 qui
1132 679 1163 736 in
1188 681 1348 738 Graeciam
1378 681 1485 755 migra·

313 797 425 857 verunt,
452 805 490 845 an
515 786 625 844 Graeci
648 787 752 844 nescio
776 805 837 861 quo
861 787 923 844 fato
946 804 1058 844 nomen
1083 788 1253 844 Romanum
1283 786 1394 861 adepti,
1420 805 1484 843 non

313 912 435 968 possum
459 891 632 967 dijudicare.

421 1001 519 1074 Atque
542 1008 658 1072 praeter
682 998 736 1053 bos
760 996 860 1056 titulos
885 997 914 1055 in
940 998 1004 1072 Ipsa
1029 997 1158 1056 Graecia
1182 1008 1315 1072 repertos
1347 1016 1410 1054 non
1433 997 1483 1054 de·

313 1115 381 1162 sunt
404 1104 515 1162 similes
540 1103 644 1160 ltaliae
673 1101 735 1159 sive
760 1101 890 1171 Siciliae,
916 1103 954 1160 de
979 1102 1087 1176 quibus
1111 1113 1217 1177 postea
1239 1102 1414 1164 videbimus.

420 1211 507 1267 Nunc
531 1209 646 1282 singula
669 1208 880 1282 perlustremus
904 1220 993 1282 atque
1016 1209 1159 1284 incipiam
1189 1229 1207 1266 a
1223 1209 1382 1278 Mercuri0‚
1400 1202 1483 1283 cujus

312 1317 442 1375 nominis
465 1317 575 1374 formas
598 1313 713 1399 Ἑρμῆς
737 1325 766 1373 et
789 1315 905 1397 Ἑρμᾶς
928 1316 1005 1373 tituli
1028 1317 1181 1390 praebent.
1228 1307 1375 1397 Ἑρμείας
1403 1314 1482 1372 enim

240 1449 243 1454 Δ
312 1424 449 1481 excludo.
497 1423 636 1479 Fortasse
659 1421 738 1478 enim
756 1421 885 1479 Sturzius
900 1417 923 1497 ¹)
948 1439 1046 1479 verum
1071 1422 1129 1479 hac
1146 1421 1176 1477 in
1200 1439 1231 1478 re
1253 1421 1336 1491 vidit,
1355 1421 1406 1495 qui
1420 1415 1483 1501 Ἑρ·

312 1537 407 1610 μαίας
430 1527 597 1586 derivatum
622 1526 660 1582 ab
678 1517 793 1610 Ἑρμῆς
818 1543 882 1584 esse
906 1545 1017 1583 nomen
1041 1526 1206 1595 contendit,
1232 1545 1414 1600 quamquam
1432 1527 1482 1584 ille

313 1636 388 1692 falso
411 1633 528 1716 Ἑρμᾶς
552 1649 673 1705 quoque
697 1631 862 1688 derivatum
888 1643 979 1705 putat.

418 1739 539 1798 Addere
573 1756 696 1812 possum
726 1729 873 1821 Ἑρμείας
902 1738 932 1794 in
964 1738 1054 1794 titulis
1088 1738 1193 1796 Atticis
1228 1738 1321 1796 semel
1336 1731 1359 1820 2)
1390 1739 1479 1795 deum

312 1865 387 1915 esse,
413 1848 450 1917 87
478 1857 518 1906 ><
543 1843 703 1904 hominem.
753 1844 872 1902 Deinde
901 1844 930 1900 in
956 1844 1041 1902 titulo
1066 1845 1229 1917 Smyrnaeo
1254 1863 1280 1902 a.
1306 1864 1335 1918 p.
1361 1844 1395 1902 C.
1417 1848 1477 1919 263

311 1948 361 2032 (C.
385 1954 408 2008 Ι.
435 1951 472 2008 G.
497 1952 535 2020 Il,
551 1943 690 2030 3309)³)
715 1961 743 2008 et
761 1951 878 2008 Graeco
903 1960 933 2008 et
956 1951 1063 2008 Latiuo
1079 1943 1227 2034 Ἑρμείας
1250 1950 1370 2009 vertitur
1385 1952 1494 2008 Her·'

312 2058 421 2114 mias.
451 2057 565 2114 Dubito
582 2055 670 2130 igitur
685 2055 760 2112 iuter
776 2056 899 2114 deorum
915 2057 1046 2130 genuina
1062 2057 1185 2113 nomina
1202 2058 1310 2115 referre
1320 2049 1478 2142 Ἑρμείας.

418 2163 529 2220 Contra
553 2160 657 2218 merito
682 2163 834 2219 contendo
859 2163 917 2219 huc
938 2162 1109 2219 referendas
1134 2180 1199 2220 esse
1222 2163 1352 2220 nominis
1368 2164 1478 2220 formas

309 2268 424 2353 Ἑρμῆς
446 2277 476 2326 et
490 2263 616 2351 Ἑρμῆς,
635 2267 688 2324 etsi
713 2267 792 2325 hand
809 2267 926 2326 nescius
948 2286 1011 2324 sum
1028 2267 1079 2341 (de
1096 2267 1219 2335 Sturam,
1238 2268 1289 2341 qui
1313 2268 1392 2326 idem
1409 2287 1479 2326 con·

307 2374 388 2449 jecit,
412 2393 475 2432 non
498 2373 636 2449 probavit
655 2371 752 2450 taceo)
777 2374 850 2430 Fic
864 2374 973 2432 kium
990 2374 1078 2431 etiam
1102 2375 1176 2431 haec
1200 2374 1323 2431 nomina
1346 2374 1478 2434 derivata

310 2497 376 2538 esse
399 2479 537 2536 voluisse.
574 2479 685 2542 Docuit
715 2479 794 2536 enim
819 2480 848 2537 in
873 2480 950 2538 libro
973 2480 1012 2537 de
1036 2480 1163 2538 Graecis
1185 2479 1356 2538 nominibus
1388 2480 1479 2538 maxi·

311 2605 389 2643 mam
413 2595 527 2660 partem
556 2585 711 2642 nominum
736 2576 922 2660 propriorum
951 2586 1172 2660 hypocoristica
1197 2604 1278 2656 esse,
1297 2587 1350 2644 sed
1374 2606 1478 2661 parum

310 2692 439 2766 respexit
455 2693 534 2749 hanc
557 2692 596 2750 de
620 2709 679 2765 qua
701 2709 782 2750 nunc
806 2693 921 2767 agimus
943 2703 1074 2752 veterum
1099 2693 1355 2751 consuetudinem.
1402 2693 1479 2749 Cum

310 2798 392 2856 enim
416 2797 497 2872 apud
520 2798 654 2856 Graecos
678 2795 847 2882 Ἀφροδίτη
871 2799 1029 2858 ludubium
1053 2799 1090 2857 sit
1113 2798 1233 2856 divinae
1267 2797 1477 2874 appellationis

310 2904 477 2978 exemplum
503 2912 532 2960 et
556 2903 661 2961 eadem
686 2905 873 2962 consuetudo
899 2905 979 2979 apud
1003 2907 1159 2962 Romanos
1191 2905 1263 2962 nulli
1297 2903 1476 2962 dubitationi

309 3010 442 3068 obnoxia
465 3008 510 3077 sit,
528 3007 653 3094 Ἑρμῆς,
677 3005 854 3081 Ἀπόλλων,
866 3007 1027 3096 ’Ἄρτεμις
1044 3011 1094 3086 (de
1110 3011 1155 3068 bis
1171 3021 1289 3069 tautum
1306 3010 1477 3068 nominibus
1583 3072 1586 3079 ⁴

310 3115 441 3190 disputat
452 3110 539 3196 Fick)
548 3125 609 3172 tum
620 3115 740 3172 demum
755 3117 953 3176 concederem
971 3118 1055 3175 aliter
1070 3117 1249 3192 explicanda
1262 3135 1336 3187 esse,
1347 3117 1371 3173 si
1382 3135 1477 3176 exem·

310 3222 361 3297 pla
393 3220 594 3280 invenirentur
625 3231 792 3298 temporum
824 3224 882 3280 hoc
916 3243 970 3282 usu
1003 3225 1095 3283 multo
1129 3223 1339 3299 antiquiorum.
1386 3222 1478 3297 Atqui

416 3532 437 3602 ¹)
457 3536 565 3584 Sturzius
585 3536 602 3590 l,
621 3551 644 3584 c.
666 3550 692 3598 p.
714 3535 757 3596 87.

416 3621 437 3692 Ι)
455 3624 485 3679 C.
505 3625 526 3673 Ι.
548 3625 581 3673 Λ.
602 3625 722 3690 111‚123.

541 3708 645 3780 [bibile
664 3709 697 3764 rei
719 3716 766 3776 τῆς
784 3717 858 3776 νίκης
876 3709 1000 3783 Ὠράριος
1015 3710 1225 3783 “ΙΙρα[κΙείιΙης],

542 3797 721 3871 [Λα]μπα’δας
738 3797 846 3871 Ἑρμείᾳ
865 3805 932 3866 θῆκε
951 3802 995 3852 καὶ
1012 3798 1173 3872 Ἡρα[κλέι].

415 3886 436 3957 ⁸)
454 3891 488 3942 G.
509 3890 530 3942 Ι.
552 3891 585 3941 G.
606 3892 640 3955 ΙΙ,
654 3904 737 3954 3399:

308 3980 492 4030 EPMEIACO
506 3984 572 4029 ΚΑΙ
585 3981 732 4030 AITORIC
746 3958 840 4030 nidul-
948 3985 1066 4049 Ἑρμείας
1084 3977 1099 4030 ὁ
1119 3981 1162 4030 καὶ
1175 3987 1283 4050 Αίτορις
1295 3981 1409 4049 planesia)
1430 3980 1477 4048 [ds

308 4073 353 4118 ra:
366 4069 601 4130 HIAMIAASQVI
615 4070 659 4116 ET
678 4070 840 4120 LITORIVS
948 4071 1044 4118 Herm
1054 4072 1101 4117 ias
1120 4071 1199 4134 quiet
1213 4073 1319 4119 Litorius
1332 4070 1477 4135 m(ensium)

308 4135 334 4206 III
355 4158 414 4204 VIII
433 4157 517 4204 DIER
536 4157 583 4204 XV
602 4157 766 4208 EXCESSIT
782 4159 838 4206 aL·
948 4159 1018 4224 V111,
1038 4158 1156 4225 dler(um)
1174 4161 1229 4215 XV,
1258 4162 1364 4208 excessit
1382 4159 1477 4207 Albino

307 4245 391 4293 BINO
410 4246 434 4292 II
453 4246 498 4294 ET
519 4246 659 4294 MAXIMO
680 4247 744 4295 COS
764 4247 837 4295 XIIII
948 4247 970 4294 II
1001 4255 1025 4295 et
1056 4249 1168 4296 Maximo
1201 4264 1253 4296 cos.
1288 4250 1361 4296 XIIII
1395 4247 1477 4314 K(al.)

306 4333 406 4384 KABII
945 4334 1053 4404 Ap[ril.]

414 4421 455 4478 Sic
474 4421 615 4474 ssoeclhius
634 4422 730 4474 titulum
750 4425 867 4490 explevit,
