3534 5284
253 425 416 504 Cisalpina.
448 425 588 486 Phoebus
605 425 738 484 Marciae
753 424 895 485 Maxsimi
911 423 961 499 (cl.
984 425 1058 486 Tac.
1076 443 1147 486 ann.
1164 425 1188 498 l,
1207 424 1239 505 5)
1254 427 1307 497 VI,
1327 429 1422 502 7884.

254 536 387 593 Herma
410 554 429 594 a
452 551 552 601 manu,
578 534 630 602 VI,
658 549 752 607 7373.
771 566 810 574 -
831 534 993 592 Hermes
1010 535 1169 595 Lacaenae
1192 551 1364 597 conservae.
1383 536 1421 605 X,

256 661 270 698 2
277 649 313 715 5t
323 655 355 715 5:
374 640 512 715 Neapoli.
542 639 758 698 Mercurius
775 639 894 698 circitor
904 636 927 716 ¹)
945 635 1072 722 (servus)
1088 642 1171 709 XIV,
1193 640 1422 715 36492'Tiburi.

253 749 287 804 In
303 765 421 804 summa
437 746 590 820 sexaginta
608 747 669 804 fere
693 735 794 804 servos
810 746 935 805 deorum
955 747 1128 805 nominibus
1145 747 1296 822 praeditos
1313 746 1422 806 inveni.

255 855 382 912 Restant
406 853 475 911 satis
508 871 637 927 magnae
667 851 822 910 nominum
856 853 973 928 copiae,
1006 871 1085 927 quae
1107 863 1204 910 utrum
1227 853 1423 928 ingenuorum

253 979 291 1018 an
325 959 498 1016 libertorum
531 959 577 1016 rel
611 959 785 1016 libertorum
819 977 858 1016 an
892 975 1043 1017 servorum
1078 958 1146 1030 sint,
1175 977 1237 1016 non
1271 969 1424 1018 accurrate

252 1065 395 1140 cognosci
412 1074 520 1140 potest.
545 1065 633 1122 Nunc
652 1073 750 1122 autem
771 1083 832 1122 non
856 1073 927 1134 tam,
949 1083 1010 1138 quo
1026 1066 1095 1122 loco
1118 1065 1181 1124 nati
1197 1065 1265 1135 sirit,
1282 1065 1337 1124 sed
1360 1065 1423 1140 qui·

251 1171 307 1230 bus
324 1172 354 1230 in
367 1171 427 1230 vita
440 1171 557 1240 officiis,
576 1171 757 1241 muneribus
775 1170 888 1229 artibus
904 1188 1028 1246 operam
1046 1171 1193 1242 dederint,
1209 1172 1422 1232 examinemus.

359 1263 478 1336 Initium
503 1278 582 1336 facio
606 1297 624 1336 a
644 1277 795 1336 militibus.
843 1279 960 1362 Novem
984 1277 1073 1352 igitur
1094 1277 1203 1336 milites
1225 1278 1327 1337 inveni
1342 1297 1423 1355 pere·

253 1384 356 1460 grinae
380 1383 569 1444 condicionis
593 1385 631 1442 ab
656 1383 884 1460 imperatoribus
909 1383 1027 1442 civitate
1051 1385 1199 1447 donatos:
1223 1385 1255 1442 hi
1278 1396 1362 1446 sunt:

357 1492 418 1550 duo
443 1492 574 1568 veterani
598 1490 759 1566 legionum.

362 1593 393 1678 1)
440 1600 482 1658 M.
507 1598 630 1660 Nassius
655 1599 795 1656 Phoebus
829 1598 948 1656 Salonit
980 1592 1093 1678 (anus)
1124 1608 1281 1656 veteranus
1310 1599 1368 1675 leg.
1393 1601 1423 1657 II

251 1707 358 1781 adjutr.
384 1704 501 1764 civitate
526 1705 655 1764 donatus
680 1725 706 1762 a.
732 1725 760 1780 p.
787 1706 821 1764 C.
849 1722 889 1777 70
914 1707 952 1774 X,
982 1723 1082 1776 1402:
1131 1705 1332 1764 Herculaneo

361 1812 390 1888 2)
437 1813 470 1868 L.
490 1812 628 1869 Valerius
646 1813 760 1869 Herma
777 1812 964 1869 Caralitanus
988 1823 1144 1870 veteranus
1175 1812 1232 1886 leg.
1257 1812 1281 1882 I,
1314 1811 1420 1887 adjuti.

252 1919 323 1978 civis
347 1919 443 1976 faetus
468 1937 495 1974 a.
522 1919 572 1976 68.
610 1920 647 1985 X,
677 1921 779 1992 7891:
806 1917 837 1974 in
862 1917 1008 1976 Sardinia.
1032 1928 1092 1976 tres
1115 1917 1224 1976 milites
1254 1918 1421 1988 auxiliares,

257 2025 326 2099 »qui
351 2023 550 2082 militaverunt
574 2024 604 2080 in
628 2024 683 2080 alis
707 2034 736 2081 et
759 2023 933 2081 cohortibus
956 2024 1113 2098 stipendiis
1137 2055 1163 2065 -,
1207 2024 1346 2094 emeritis
1379 2024 1422 2084 di·

257 2130 355 2188 »missi
379 2131 505 2188 honesta
528 2129 698 2190 missione«

363 2238 390 2313 1)
436 2239 466 2294 P.
486 2236 574 2294 Silius
591 2239 719 2294 Hermes
735 2237 808 2294 civis
833 2238 929 2294 sactus
946 2256 972 2294 a.
992 2239 1043 2308 86,
1061 2238 1114 2306 III,
1131 2256 1161 2311 p.
1188 2238 1247 2311 857
1267 2237 1298 2293 in
1314 2236 1420 2295 Dacia.

361 2351 388 2420 2)
434 2344 469 2402 C.
487 2343 655 2402 Vettienius
672 2345 800 2402 Hermes
817 2343 891 2400 civis
908 2343 1003 2401 sactus
1027 2362 1055 2402 a.
1077 2363 1147 2417 129,
1165 2345 1205 2412 II,
1222 2343 1260 2401 D.
1277 2344 1420 2411 XXXIII,

252 2450 281 2507 in
305 2450 452 2508 Valachia
477 2449 600 2510 minore.

358 2556 390 2632 3)
437 2556 483 2613 Ti.
502 2557 644 2615 Claudius
662 2559 789 2616 Hermes
805 2556 877 2614 civIs
894 2557 991 2614 factus
1014 2575 1040 2614 a.
1064 2575 1134 2631 134,
1152 2557 1206 2631 ΙΙΙ,
1222 2557 1261 2614 D.
1277 2556 1419 2625 XXXIV,

251 2674 391 2736 quattuor
413 2662 567 2731 classiarii,
593 2663 701 2737 quibus
736 2663 875 2720 omnibus
913 2674 957 2721 est
991 2681 1102 2720 nonren
1126 2661 1161 2720 C.
1189 2660 1323 2720 Vettieni
1346 2663 1419 2720 Her·

251 2769 353 2837 metis,
398 2769 478 2827 cives
520 2770 591 2826 lacti
625 2770 685 2827 duo
720 2789 746 2828 a.
777 2789 855 2844 129,
893 2770 953 2827 duo
986 2789 1012 2827 a.
1042 2789 1113 2843 134,
1149 2769 1202 2837 III,
1227 2769 1265 2826 D.
1290 2769 1418 2826 XXXII.

251 2877 288 2944 V,
314 2896 410 2952 4091,
435 2877 488 2944 Ill,
514 2877 550 2933 Ι),
576 2877 701 2932 XXXV.
749 2878 787 2945 X,
815 2879 909 2950 7855.

217 3059 222 3067 ι
353 2959 440 3038 'Alius
464 2982 632 3038 classiarius
664 2993 915 3039 commemoratur
937 2984 976 3050 X,
1003 2999 1105 3056 3247:
1153 2980 1283 3038 Puteolis
1306 2979 1341 3039 C.
1367 2981 1419 3038 Be·

251 3087 316 3144 hius
342 3089 468 3144 Hermes
493 3085 577 3143 miles
601 3087 702 3144 classis
727 3096 819 3162 praet.
845 3088 1034 3145 Misenensis,

361 3192 448 3250 Miles
472 3194 544 3249 ΧΙΙΙ
567 3211 748 3267 pugnarum:
798 3194 835 3251 G.
861 3194 942 3250 Heio
969 3193 1094 3251 Phoebo
1125 3193 1197 3249 XIII
1226 3189 1420 3275 (pugnarum)

251 3319 324 3358 uxor
348 3301 469 3357 Mneme
494 3297 593 3355 Nonia
616 3301 683 3372 XII,
709 3303 811 3374 3328:
859 3300 1012 3357 Nemausi.

358 3407 526 3464 Praefectus
550 3405 685 3463 militaris
709 3406 739 3464 in
763 3406 864 3464 Africa
888 3405 1004 3465 videtur
1027 3406 1118 3463 fuisse
1133 3407 1168 3465 L.
1186 3406 1327 3463 Annaeus
1343 3406 1418 3463 Her·

250 3533 313 3572 rnes
335 3514 414 3571 llam.
440 3523 470 3570 et
494 3512 640 3590 trib.(lr)as
665 3513 750 3589 (telli)
775 3513 842 3588 eph.
857 3531 905 3588 ep.
920 3515 957 3575 V.
977 3515 1035 3570 126
1050 3531 1138 3587 quern
1163 3521 1244 3569 certo
1267 3511 1418 3569 tribunum

249 3621 379 3679 cohortis
405 3639 466 3676 non
490 3619 580 3676 fuisse
601 3631 703 3677 monet
728 3613 908 3678 Mommsen.

358 3727 515 3785 Praeterea
546 3727 646 3785 inveni
677 3745 767 3794 unum
793 3725 943 3784 medicum
974 3735 1003 3783 et
1040 3745 1077 3796 14
1110 3723 1218 3782 milites
1249 3723 1416 3782 cohortium

251 3830 383 3906 vigilum,
409 3851 485 3906 quos
510 3833 594 3890 initio
618 3832 749 3901 libertos
778 3851 813 3889 ex
838 3831 937 3890 Severi
961 3831 1145 3906 temporibus
1169 3829 1329 3887 maximam
1353 3848 1417 3905 par-

249 3948 309 3996 tem
334 3937 413 3994 cives
438 3937 584 4012 ingenuos
608 3938 697 3996 fuisse
721 3937 853 3996 traditur.
901 3937 950 4011 (cs.
976 3938 1160 4019 Marquardt,
1194 3937 1281 3994 Ro'm.
1307 3936 1416 3993 Staats·

248 4044 429 4120 verwaltung
453 4045 492 4114 II,
516 4063 546 4118 p.
572 4047 657 4122 469).

248 4201 565 4209 --——.-—--—

357 4301 376 4368 ¹)
405 4305 546 4362 Circitores,
577 4306 716 4368 appellatos
738 4306 948 4354 acircumeundo
967 4306 1048 4352 editor
1072 4310 1181 4352 recenset
1201 4303 1265 4352 Inter
1290 4301 1416 4350 ministros

248 4393 345 4442 servilis
364 4393 521 4442 condicionis
540 4393 631 4442 tutelae
651 4410 729 4458 aquae
747 4394 864 4442 ductuum
884 4394 1028 4455 deputatos.
