3534 5284
847 258 1070 315 ...ὠ-.-

370 447 441 508 Non
457 450 554 508 minus
568 469 660 524 quarn
676 449 772 508 editor
788 442 975 528 (Mommsen
988 444 1012 526 ¹)
1028 449 1170 523 equidem
1186 449 1302 519 dubim,
1321 462 1418 508 utrum
1437 452 1544 510 mulier

372 573 410 612 an
435 555 492 614 dea
517 555 714 630 intelligenda
738 555 784 613 sit.

477 681 524 737 De
557 679 603 735 his
634 678 721 752 igitur
752 679 845 736 tribus
875 677 1049 736 nominibus
1082 678 1156 735 nihil
1187 679 1259 736 certi
1291 682 1453 766 contendo.
1501 683 1544 738 Ex

372 785 479 844 ceteris
502 801 617 842 rursus:

837 907 870 962 M
881 925 948 964 erc
959 925 976 963 u
987 926 1001 965 r
1011 908 1020 965 i
1032 926 1074 966 us

478 1013 653 1088 saepissime
677 1012 815 1081 occurrit,
845 1032 905 1069 120
932 1032 973 1088 ><,
998 1016 1082 1088 cujus
1105 1014 1182 1072 infra
1206 1016 1328 1073 afferam
1352 1018 1498 1092 exempla.

896 1154 1029 1213 Diana

376 1281 390 1320 2
420 1281 449 1338 ><
474 1273 581 1322 exstat.

483 1364 510 1450 r)
557 1369 610 1437 IV,
639 1385 731 1442 2390,
757 1365 809 1423 ubi
833 1377 895 1425 est:
921 1368 1068 1425 DIIANA
1092 1371 1161 1428 VA.

479 1475 601 1532 Schone
618 1473 705 1548 legit:
728 1473 835 1530 Dcana
858 1491 896 1530 va
919 1467 989 1554 (le.)
1034 1475 1129 1531 Recte
1153 1475 1220 1532 sino
1244 1475 1347 1544 dubio,
1371 1495 1441 1534 nam
1463 1477 1544 1534 muli-

373 1599 452 1640 erem
475 1599 537 1639 non
554 1581 642 1638 deam
655 1597 731 1636 esse
754 1579 833 1636 hanc
849 1581 985 1636 Deanam
1010 1589 1101 1653 patet.
1141 1581 1264 1638 Adnoto
1281 1583 1335 1639 De
1346 1600 1390 1638 an
1402 1602 1419 1638 a
1430 1601 1458 1638 m
1483 1601 1544 1638 non

373 1688 545 1744 Dianam
570 1686 660 1744 etiam
686 1685 716 1742 in
741 1685 807 1741 aliis
824 1684 915 1742 titulis
939 1686 1007 1758 legi,
1025 1685 1077 1742 ubi
1101 1686 1139 1743 de
1155 1686 1214 1743 dea
1237 1686 1285 1760 agi
1309 1697 1436 1755 constat,
1454 1688 1542 1746 velut.

478 1812 516 1880 V,
536 1811 645 1885 5763:
672 1809 1037 1868 Mediolani-Dennae
1061 1809 1121 1882 Qui
1144 1810 1259 1867 aedem.
1288 1857 1293 1870 .

479 1918 516 1988 V,
545 1919 646 1974 2086:
673 1933 766 1991 prope
795 1915 989 1973 Marosticam
1019 1916 1292 1974 Ventum-Grauia
1316 1906 1442 1973 Bacchis
1468 1919 1542 1974 De-

373 2041 476 2082 anae
499 2022 540 2080 do
564 2022 612 2080 de.
638 2069 645 2084 .
671 2065 711 2080 ..

483 2129 513 2206 2)
560 2129 613 2197 XI,
639 2131 742 2202 3853:
769 2129 808 2186 ad
832 2129 891 2186 Sax
914 2130 1019 2186 Rubra
1042 2128 1186 2189 Etruriae.

587 2235 629 2290 ΙΑ
653 2233 782 2290 DIANE
968 2250 970 2254 ·
1049 2230 1197 2316 (Valer)ia
1222 2234 1330 2293 Diane.

586 2341 659 2396 RIA
683 2339 832 2396 APILLA
1000 2333 1041 2420 (et
1063 2339 1197 2418 Vale)ria
1220 2341 1330 2415 Apilla.

587 2447 658 2504 RIO
673 2445 817 2538 ¹FIRMO
1047 2440 1195 2527 (Vale)rio
1220 2447 1329 2505 Firmo,

480 2551 530 2609 Sic
554 2553 706 2610 Bormann
732 2551 871 2626 explevit,
896 2568 952 2609 nec
976 2551 1090 2626 injuria,
1115 2562 1146 2609 ut
1169 2553 1242 2610 mihi
1265 2553 1391 2614 ridetur.

481 2676 580 2734 Diane
604 2684 703 2734 autem
727 2676 808 2734 idem
833 2676 884 2733 est'
903 2695 939 2733 ac
965 2676 1075 2734 Diana.
1122 2677 1200 2734 Nam
1231 2678 1348 2752 saepius
1372 2678 1546 2735 Latinorum

374 2781 488 2858 primae
504 2781 714 2840 declinationis
731 2782 886 2840 nominum
905 2783 1024 2840 Graeco
1042 2802 1125 2841 more
1141 2783 1172 2840 in
1189 2793 1206 2841 e
1222 2783 1331 2842 desinit
1347 2783 1547 2856 nominativus

374 2907 471 2956 casus,
487 2889 582 2946 velut:
611 2887 742 2946 iuliane:
761 2888 795 2945 C.
812 2889 835 2945 Ι.
853 2889 888 2948 L.
906 2890 944 2957 V,
963 2907 1026 2963 494
1051 2889 1224 2947 Marciaue:
1250 2890 1284 2948 C.
1301 2891 1323 2948 Ι,
1342 2891 1376 2948 L.
1394 2891 1432 2957 V,
1450 2909 1546 2960 4000.

374 2994 443 3052 Alia
467 2994 604 3068 exempla
626 2993 696 3051 vide
718 2994 798 3069 apud
823 2995 908 3053 Neue
931 2995 950 3054 1.
976 3013 1002 3054 c.
1027 2987 1068 3051 1²
1090 3015 1120 3070 p.
1146 3011 1198 3067 47.

909 3121 1011 3194 Juno

374 3226 466 3284 semel
487 3224 648 3284 invenitur:
672 3225 706 3284 C.
732 3228 754 3286 I.
781 3225 813 3284 L.
833 3226 883 3296 VI,
913 3241 1060 3301 241153:
1082 3226 1236 3285 Phoebadi
1261 3237 1290 3285 et
1315 3227 1463 3284 Iunoni
1487 3228 1547 3301 ejus

375 3332 493 3390 animae
521 3331 704 3391 dulcissime.
751 3333 829 3390 Nam
863 3333 925 3410 ejus
949 3332 1140 3391 scribendum
1173 3344 1217 3391 est
1241 3332 1469 3390 cumHenzenio
1493 3350 1547 3407 pro

376 3437 480 3506 Heius,
506 3438 588 3512 quod
612 3438 642 3494 in
666 3438 767 3514 lapide
791 3447 843 3498 est.

481 3561 614 3620 Venus
640 3562 658 3618 6
685 3580 714 3638 ><
743 3561 889 3624 occurrit:

487 3667 515 3746 1)
559 3667 717 3727 Veneri
752 3667 912 3727 Latiniilae
945 3668 1074 3744 Spedius
1107 3664 1310 3728 Matemianus
1340 3665 1462 3724 maritus
1494 3663 1546 3740 (Π,

377 3789 482 3851 4415:
507 3769 707 3857 Tarracone.)

486 3882 516 3958 a)
561 3881 722 3940 Casellium
739 3879 805 3940 aed.
827 3880 978 3953 Venus,
997 3879 1177 3957 supplendum
1200 3885 1255 3937 est:
1270 3897 1299 3937 o.
1312 3897 1340 3940 v.
1349 3878 1369 3938 f.
1384 3874 1451 3953 (IV,
1463 3872 1549 3962 546.)

485 3988 517 4066 3)
562 3985 677 4046 Scribet
700 3989 851 4058 Venus,
875 3988 942 4064 (IV,
972 3984 1080 4069 1536.)

485 4088 516 4177 4)
563 4093 677 4152 Arabia
699 4093 807 4166 Firma,
832 4095 967 4152 Venus
991 4094 1073 4163 Afra,
1100 4085 1163 4176 (VI,
1193 4086 1321 4177 12281.)

487 4405 508 4480 1)
528 4409 569 4468 Cf.
590 4408 702 4466 indicem
721 4409 942 4476 cognominum.
963 4425 989 4466 v·
