3534 5284
795 269 1016 325 ..24-

321 443 424 506 Italia:
473 463 547 522 324,
581 445 610 504 in
636 444 737 506 Gallia
761 444 936 522 Cisalpina:
988 448 1059 518 106,
1089 445 1121 506 in
1151 447 1252 507 Gallia
1284 445 1491 510 Narbonensi:

324 555 374 624 61,
400 555 430 611 in
456 555 637 614 Germania:
676 574 716 632 ¹4,
741 553 772 611 in
797 553 964 629 Hispania:
1014 575 1064 629 29,
1090 555 1120 611 in
1144 555 1272 615 Norico:
1311 572 1339 628 7,
1364 556 1396 613 in
1419 558 1492 615 Pan·

321 661 432 719 nenia:
481 655 522 740 4,f
546 661 576 719 in
609 660 781 720 Dalmatia:
824 680 873 735 29,
900 660 931 718 in
954 661 1090 720 Moesia:
1133 681 1163 736 3,
1199 662 1230 719 in
1253 661 1350 720 Dacia
1378 682 1425 749 13,
1462 679 1493 739 in

306 766 353 832 ,in
387 767 591 826 Macedonia:
640 787 669 840 4,
701 766 731 824 in
756 765 906 824 Thracia:
959 787 985 837 1,
1018 767 1049 826 in
1075 767 1200 826 Graecis
1224 767 1349 851 insulis:
1399 805 1427 856 2,
1462 785 1494 843 in

324 873 397 934 Asia
422 873 575 950 (Ephesi):
628 894 653 942 r,
680 873 710 930 in
734 872 854 932 Africa:
881 917 884 922 .
906 893 954 932 21.

433 999 478 1058 Ex
502 1017 563 1074 quo
587 1016 776 1072 consequens
799 1008 844 1056 est
867 998 1045 1058 creberrime
1068 1000 1186 1058 Romae
1208 1009 1238 1058 et
1261 1000 1290 1056 in
1315 999 1402 1058 Italia
1425 998 1496 1058 deo-

325 1123 389 1164 rum
417 1105 542 1164 nomina
566 1123 630 1164 esse
654 1114 805 1180 usurpata,
830 1103 902 1162 inde
925 1124 978 1180 per
1002 1115 1111 1185 totum¹
1128 1107 1189 1166 sere
1213 1105 1369 1181 imperium
1402 1104 1494 1165 divul-

325 1223 405 1287 gata.
453 1213 551 1273 Etiam
575 1213 606 1270 in
632 1211 755 1270 Graecis
779 1210 870 1269 titulis
894 1212 1000 1270 crebro
1024 1212 1230 1271 Romanorum
1261 1211 1385 1272 nomina
1417 1212 1495 1272 inve·

325 1318 381 1377 uiri
404 1337 494 1395 supra
516 1319 588 1379 dixi.

434 1428 548 1496 Restat,
575 1436 605 1484 ut
628 1425 751 1501 quando
775 1425 851 1483 haec
874 1425 999 1483 nomina
1022 1436 1161 1502 usurpata
1183 1427 1250 1496 sint,
1275 1426 1401 1486 dicatur.
1437 1427 1498 1484 Hic
1563 1459 1566 1465 ·

327 1533 468 1608 quoniam
494 1551 530 1592 ea
554 1534 619 1592 sola
643 1533 765 1590 nomina
788 1531 886 1590 afferri
909 1550 1000 1606 posse
1024 1533 1200 1602 existimavi,
1219 1552 1296 1608 quae
1320 1543 1402 1592 certo
1425 1544 1497 1592 tem-

327 1640 394 1716 pori
408 1624 548 1698 ¹adscribi
581 1650 712 1715 possent,
745 1638 873 1714 primum
907 1657 1009 1697 eorum
1034 1640 1184 1698 titulorum
1219 1641 1365 1700 rationem
1394 1639 1496 1709 habui,

327 1745 377 1820 qui
403 1757 452 1804 aut
476 1758 610 1822 tempore
634 1746 767 1804 indicato
791 1745 907 1804 definiti
931 1758 1008 1815 suut,
1033 1757 1083 1805 aut
1112 1747 1225 1805 inventi
1258 1747 1289 1804 in
1323 1764 1498 1806 monumen·

327 1851 364 1908 tis
387 1852 519 1912 familiae
542 1831 703 1929 Augustae,
728 1852 839 1911 deinde
863 1851 1019 1910 nominum
1052 1872 1155 1912 eorum
1178 1855 1378 1930 Augustorum
1411 1852 1498 1912 iiber·

329 1968 436 2028 torum,
462 1959 523 2034 qui,
560 1961 644 2035 cujus
677 1958 863 2033 imperatoris
888 1957 996 2017 fuerint
1019 1959 1126 2029 liberti,
1152 1959 1296 2034 cognosci
1318 1968 1436 2034 potest3
1460 1958 1499 2017 de

330 2083 390 2139 qua
413 2084 445 2124 re
469 2083 557 2140 supra
581 2065 642 2124 dixi
676 2084 705 2140 p.
732 2081 783 2138 37.
831 2065 1028 2122 Monumenta
1060 2075 1159 2124 autem
1192 2064 1323 2124 familiae
1345 2067 1499 2140 Augustae

329 2180 358 2230 et
381 2171 503 2248 quando
527 2171 660 2230 instituta
684 2181 713 2228 et
737 2169 881 2244 quamdiu
906 2179 1047 2245 usurpata
1058 2180 1173 2239 essent,
1198 2172 1369 2228 Mommsen
1392 2169 1435 2229 ita
1458 2171 1499 2228 in·

329 2278 420 2348 venit,
445 2288 475 2335 ut
499 2278 679 2336 enumeratis
703 2277 756 2346 eiS,
782 2253 908 2351 duorum
931 2276 1028 2334 liberti
1060 2278 1106 2336 vei
1135 2277 1210 2335 servi
1241 2278 1272 2336 in
1305 2288 1500 2336 monumento

330 2385 437 2461 sepulti
461 2396 568 2454 essent,
594 2384 737 2459 quamdiu
762 2383 804 2442 illi
828 2383 980 2454 vixissent,
1004 2383 1118 2442 tamdiu
1143 2382 1173 2440 in
1197 2401 1251 2442 usu
1283 2383 1374 2442 fuisse
1397 2401 1500 2442 monu-

330 2501 461 2552 mentum
486 2500 635 2551 statueret.
685 2489 733 2568 (cf.
758 2493 809 2561 VI,
834 2511 863 2566 p.
891 2494 950 2563 877
978 2490 1056 2566 seq.)
1101 2490 1241 2548 Ceterum
1265 2500 1383 2565 praeter
1398 2510 1501 2550 monu-

313 2611 431 2658 menta
463 2598 593 2656 familiae
627 2599 781 2673 Augustae
814 2597 903 2656 etiam
937 2597 1118 2672 privatorum
1154 2607 1350 2656 monumenta
1384 2597 1501 2656 definiri
1553 2597 1556 2603 '

330 2715 464 2781 possunt.
511 2707 626 2778 Itaque,
652 2703 676 2761 si
700 2723 760 2778 qua
782 2703 906 2761 nomina
936 2703 1061 2763 deorum
1094 2703 1125 2761 in
1155 2703 1201 2768 his
1234 2703 1435 2769 monumentis
1459 2703 1500 2760 in·

330 2812 497 2881 veniuntur,
517 2811 548 2877 ‚ei
580 2810 740 2868 tribuenda
773 2820 840 2868 sunt
873 2809 1010 2884 tempori,
1044 2827 1098 2884 per
1130 2810 1213 2884 quod
1247 2820 1441 2868 monumenta
1470 2808 1500 2866 in

330 2938 384 2979 usu
407 2918 497 2978 fuisse
520 2917 665 2975 videntur.

437 3011 579 3082 Sicut'in
611 3022 735 3082 Graecis
768 3022 940 3086 nominibus
968 3041 1026 3098 ego
1057 3023 1227 3097 praemissis
1251 3023 1303 3090 eis,
1332 3040 1409 3098 quae
1433 3031 1501 3081 ante

332 3131 481 3192 Christum
504 3141 606 3188 natum
630 3130 756 3198 suerunt,
782 3140 881 3188 cetera
905 3147 958 3204 per
990 3129 1107 3205 singula
1139 3131 1261 3189 saecula
1294 3128 1501 3205 disposita-ta·

331 3239 417 3300 bellis
441 3237 632 3296 enumerabo.

657 3344 758 3400 Ante
790 3343 1002 3401 Christum
1033 3354 1181 3403 natum.

331 3455 460 3511 Hermes
484 3449 625 3519 Iulianus,
649 3451 703 3518 VI,
733 3466 834 3524 10395
862 3483 904 3492 -
928 3470 955 3508 a.
982 3469 998 3524 3
1025 3470 1052 3508 a.
1078 3450 1112 3509 C.

332 3559 366 3618 C.
392 3555 562 3616 Maecenati
585 3555 718 3624 Phoebo,
743 3556 795 3626 VI,
823 3559 906 3628 7248
932 3589 975 3598 -
999 3565 1068 3614 ante
1091 3574 1117 3614 a.
1144 3575 1173 3627 ι).
1189 3550 1212 3637 1)

696 3661 869 3720 Saeculo
899 3661 1024 3736 primo
1055 3681 1084 3737 p.
1109 3662 1145 3719 C.

331 3771 460 3840 Artemis
484 3768 589 3846 pupilli
613 3767 765 3842 Agrippae
788 3769 819 3837 l.,
844 3769 896 3838 VI,
925 3772 1029 3844 18548
1055 3802 1097 3812 -ι
1121 3777 1190 3826 ante
1213 3785 1240 3839 a,
1270 3784 1317 3836 14.

331 3879 471 3938 Phoebus
495 3874 628 3934 Marciae
655 3873 805 3944 Maxsimi,
830 3875 883 3948 VI,
904 3878 987 3949 7884
1004 3910 1048 3918 —
1063 3877 1198 3950 Augusto
1222 3873 1269 3931 vel
1289 3870 1413 3930 Tiberio
1428 3870 1500 3946 imp.

441 4243 460 4312 ¹)
480 4246 509 4293 In
529 4261 560 4292 eo
578 4252 751 4308 monumento,
769 4243 838 4305 eujus
856 4251 894 4290 est
912 4243 953 4289 hic
971 4242 1065 4306 titulus,
1085 4253 1116 4300 14
1133 4241 1250 4289 homines
1267 4240 1426 4288 inveniuntur
1443 4254 1503 4302 cog·

333 4335 435 4384 nomine
451 4335 584 4382 Maecenas
603 4332 642 4379 vel
663 4331 827 4386 Maecenatia,
850 4347 880 4379 ex
898 4345 949 4393 quo
967 4329 1084 4378 concludi
1103 4337 1204 4393 oportet
1222 4328 1297 4377 tuisse
1322 4343 1411 4378 omnes
1428 4327 1503 4374 liber·

334 4431 373 4474 tos
392 4431 417 4474 et
435 4423 536 4472 libertas
556 4420 587 4470 C.
609 4420 768 4475 Maecenatis,
791 4419 833 4485 qui
852 4427 961 4468 mortuus
980 4426 1059 4468 esta.
1081 4432 1097 4480 9
1116 4434 1142 4470 a.
1162 4418 1193 4472 C.
