3534 5284
738 283 957 344 ..15¹-

261 463 366 523 ceteris
398 464 544 539 ejusmodi
577 463 667 522 titulis
698 481 815 538 semper
845 463 1040 539 perscriptum
1074 474 1117 522 est
1150 482 1271 523 nomen.
1319 467 1429 524 Sensus

259 570 342 650 tituli¹
360 571 407 626 hic
432 581 493 630 est:
511 570 622 627 Posido
646 580 739 645 optat,
765 580 795 627 ut
814 569 941 644 Cuspius
965 570 1070 628 aedilis
1095 571 1156 629 fiat.
1204 571 1287 629 Idem
1312 583 1431 646 optatur

260 676 325 733 aliis
350 675 579 750 incriptionibus
602 677 699 735 velut:

367 801 420 868 IV,
445 815 525 874 457:
551 799 717 856 FVSCVM
742 801 812 857 AED
837 801 1056 858 IPHIGENIA
1079 801 1211 860 FACIT.

366 908 419 975 IV,
445 921 524 979 425:
550 906 742 963 CLADIVM
766 908 869 964 IIVIR
892 907 1084 964 ANIMVLA
1108 908 1241 965 FACIT.

368 1013 542 1085 Plerumque
561 1010 606 1068 his
622 1012 719 1068 verbis
736 1022 874 1087 optatur:
900 1014 952 1082 IV,
972 1029 1054 1088 430:
1080 1014 1224 1071 Sabinum
1240 1013 1297 1071 aed
1316 1032 1344 1071 0.
1362 1033 1389 1070 v.
1408 1016 1427 1072 i.

261 1119 404 1176 Sabinum
427 1116 555 1175 aedilem
580 1136 632 1175 oro
656 1137 709 1174 vos
734 1118 858 1177 faciatis.
906 1120 1006 1192 Atque
1029 1119 1104 1176 haec
1128 1119 1249 1192 quidem
1274 1120 1426 1177 hactenus.

367 1243 431 1300 Nec
454 1260 525 1299 vero
549 1243 641 1300 modo
666 1243 784 1300 Graeca
808 1242 940 1301 Romani
974 1243 1028 1300 sed
1061 1242 1148 1300 etiam
1173 1243 1281 1300 Latina
1304 1243 1428 1301 deorum

261 1348 385 1404 nomina
418 1347 519 1404 liberis
550 1347 762 1431 imposuerunt.
811 1350 918 1422 Itaque
952 1348 1078 1417 Dianae,
1113 1348 1246 1418 lunonis,
1278 1349 1427 1417 Mercurii,

263 1453 397 1523 Veneris,
426 1455 537 1510 Vestae
568 1454 691 1510 nomina
724 1454 782 1510 hoc
815 1471 903 1510 sensu
936 1464 1076 1527 usurpata
1110 1453 1253 1511 videmus.
1301 1454 1427 1522 Cereris

261 1559 373 1628 Martis,
399 1559 531 1633 Neptuni
555 1559 687 1628 nomina,
713 1577 783 1617 num
801 1559 910 1616 eodem
934 1576 1022 1616 sensu
1047 1558 1142 1633 accipi
1169 1559 1294 1633 possint,
1312 1561 1427 1618 dubito.

368 1683 445 1739 Nam
459 1683 632 1758 Neptuni
649 1701 760 1740 nomen
777 1693 880 1757 quater
892 1681 1018 1739 accurrit
1034 1682 1064 1738 in
1080 1681 1324 1786 inscriptiopibus
1341 1686 1428 1740 Pom·

261 1788 384 1864 pejanis‚
402 1806 441 1846 ne
465 1789 556 1846 verbo
574 1789 695 1862 quidem
720 1788 848 1862 adiecto.
896 1789 949 1856 IV,
974 1790 1065 1863 1765,
1086 1807 1169 1862 2319
1193 1801 1260 1864 get
1283 1790 1312 1859 h,
1333 1807 1426 1863 2407.

261 1897 295 1952 In
319 1894 365 1951 his
389 1905 486 1951 autem
511 1893 763 1968 inscriptionibus,
781 1893 812 1950 in
836 1894 944 1968 quibus
967 1894 1062 1951 solum
1087 1894 1136 1952 dei
1160 1913 1271 1953 nomen
1295 1906 1427 1970 apparet,
1509 1923 1512 1928 ¹

261 1999 452 2069 dubitaveris,
478 2010 573 2056 utrum
598 2001 686 2058 deum
710 2019 748 2056 an
771 1999 925 2056 hominem
950 2000 1107 2074 intelligas.
1139 2077 1142 2083 1
1166 2001 1265 2072 Quam
1297 2001 1337 2057 ob
1366 2019 1428 2058 rem
1488 2028 1492 2036 ·

261 2106 343 2164 nolui
366 2105 491 2163 nomina
515 2106 640 2180 quaein
664 2105 710 2163 his
735 2105 826 2164 titulis
849 2108 986 2180 leguntur
1002 2125 1057 2181 pro
1073 2107 1304 2180 cognominibus
1327 2107 1428 2164 vendi-

261 2224 331 2281 tare,
356 2212 411 2268 nisi
436 2212 557 2272 aliunde
580 2223 730 2271 constaret
761 2231 798 2269 ea
821 2212 976 2269 hominum
1001 2229 1075 2270 esse.
1119 2213 1361 2288 Zangemeister‚
1384 2213 1428 2285 (in

261 2319 322 2378 iud.
350 2318 405 2378 vol.
431 2320 483 2375 IV.
502 2337 526 2374 s.
543 2319 583 2395 v.)
600 2337 730 2393 quoque,
749 2318 800 2392 qui
817 2317 911 2376 edidit
929 2318 1069 2374 volumen
1085 2319 1138 2388 IV,
1157 2317 1312 2387 dubitavit,
1331 2328 1427 2375 utrum

262 2426 334 2484 deus
359 2443 397 2482 an
422 2424 513 2482 homo
536 2435 612 2482 esset
635 2425 810 2500 Neptumus.

217 2617 220 2624 Ι
368 2550 471 2606 Mars
495 2549 540 2606 bis
565 2549 805 2624 invenituraIV,
826 2565 907 2623 544:
934 2549 1037 2608 Martis
1061 2541 1198 2606 Hermes
1244 2548 1300 2617 IV,
1329 2562 1427 2617 1044:

261 2655 382 2713 MARS.
1133 2724 1135 2727 Ι

368 2761 481 2819 Neutro
495 2762 573 2842 ¹loco
598 2761 763 2835 quidquam
780 2761 853 2818 certi
876 2760 965 2819 statui
989 2768 1095 2835 potest.
1143 2762 1300 2818 Praeterea
1324 2759 1428 2816 Martis

261 2880 289 2927 et
313 2868 444 2942 Neptuni
476 2867 599 2926 nomina
623 2886 677 2942 pro
701 2866 933 2943 cognominibus
963 2867 1060 2942 posita
1087 2866 1222 2925 videmus
1255 2866 1286 2923 in
1310 2866 1428 2923 duobus

261 2974 351 3032 titulis
376 2973 456 3048 apud
481 2973 639 3033 Gruterum
664 2973 795 3032 servatis.

372 3091 399 3178 ι)
446 3116 475 3172 p.
497 3113 588 3171 1097,
611 3117 635 3156 1.
668 3095 807 3154 Ameriae
821 3088 869 3176 (cs.
886 3094 965 3152 Keit.
979 3114 1009 3169 p.
1027 3093 1078 3170 24)
1095 3094 1216 3152 MARS.
1234 3095 1270 3152 T.
1285 3095 1318 3152 F.
1336 3095 1427 3154 CLV.

263 3202 481 3260 PROCVLVS
500 3205 566 3261 1111.
591 3204 673 3260 VIR.
700 3203 728 3260 S.
755 3201 929 3259 IVVENIO
954 3200 1061 3257 FILIO
1086 3199 1308 3260 LACONIAE.
1333 3203 1368 3258 L.
1392 3202 1427 3259 L.

371 3310 399 3386 2)
445 3330 474 3386 p.
511 3311 583 3379 886,
623 3329 656 3366 11
694 3309 724 3365 in
755 3307 864 3365 Carnia
887 3301 928 3384 (ἓ)
958 3306 992 3365 C.
1026 3305 1149 3363 RESIO
1181 3307 1366 3365 DEXTRO.
1399 3307 1427 3365 Ο

261 3416 543 3473 REDSOMARVS
567 3414 758 3471 NEPTVNI.
785 3415 847 3470 ET.
873 3412 1029 3470 LIIVGLI
1052 3414 1084 3470 P.
1110 3413 1147 3469 V.
1172 3413 1205 3469 F.

368 3523 415 3578 De
440 3539 564 3596 quorum
594 3521 744 3578 titulorum
771 3520 945 3578 auctoritate
969 3519 1043 3576 alias
1067 3537 1129 3576 non
1151 3519 1335 3588 traditorum,
1359 3538 1428 3578 cum

261 3627 333 3685 mihi
349 3645 453 3703 pamm
476 3637 634 3695 constaret,
652 3627 735 3684 nolui
759 3645 811 3685 eos
835 3627 873 3685 ad
893 3635 1026 3684 nostram
1050 3624 1257 3699 quaestionem
1274 3625 1425 3684 adhibere.

760 3769 929 3828 Cereris

261 3895 371 3936 nomen
405 3877 490 3937 titulo
522 3881 679 3947 Atestano,
720 3876 754 3935 C.
786 3879 809 3934 I.
843 3876 878 3934 L.
912 3875 951 3933 V.
988 3875 1082 3948 2746,
1116 3872 1160 3933 sic
1191 3873 1332 3933 traditum
1365 3883 1424 3932 est:

704 4059 809 4146 cippus
826 4070 988 4146 quadratus

366 4282 396 4344 iu
416 4283 519 4345 dextra
537 4291 638 4360 parte:
753 4281 784 4344 in
800 4281 918 4345 antica:
1038 4281 1068 4343 in
1085 4279 1203 4342 sinistra
1218 4290 1318 4359 parte:

449 4411 558 4470 mulier.
742 4413 788 4470 vir
810 4419 929 4484 togatus.
1107 4409 1250 4472 CERES.
