3534 5284
769 321 969 382 ...9.-

391 498 601 561 Accusativum
626 498 771 577 praebent
787 499 862 559 tituli
888 511 917 561 et
940 499 1099 578 scriptores
1116 509 1145 560 et
1161 498 1326 586 Ἄρτεμιν
1348 511 1377 560 et
1391 487 1455 586 'Ap

284 631 385 690 τεμιν.

397 732 424 810 1)
468 722 634 820 Ἀρτέμειν
668 728 815 805 Θόαντος
838 731 1025 817 κανηφόροι)
1044 731 1335 820 θεοῖς’Ἄρτέμιόος
1358 731 1405 808 (C.
1431 732 1454 790 Ι.

286 839 324 898 G.
338 839 382 896 ΙΙΙ
400 858 504 914 ¹4312:
529 835 702 916 Termessi).
727 839 866 898 Fortasse
882 839 989 897 mulier
1007 840 1095 897 adea
1111 858 1221 897 nomen
1239 838 1364 913 accepit.
1401 837 1456 895 Ce-

285 953 380 1002 terum
404 947 531 1005 eandem
556 965 680 1004 esseae
704 963 761 1005 no:
788 949 873 1020 4366
900 965 917 1004 a
941 964 1003 1004 non
1037 945 1196 1004 verisimile
1220 955 1274 1014 est,
1300 945 1383 1022 quod
1413 963 1456 1002 sa·

286 1050 392 1110 cerdos
417 1051 532 1110 Dianae
555 1053 735 1112 nominatur.

396 1173 423 1256 2)
468 1171 529 1258 τήν
551 1185 692 1253 γυναῖκα
716 1173 817 1242 αὐτοῦ
832 1177 996 1260 'florebam
1020 1175 1081 1262 τήν
1097 1174 1300 1260 χρυσώτριαν
1316 1174 1455 1253 (Bulletin

287 1283 325 1342 de
348 1301 423 1342 corr.
449 1283 530 1344 Hell.
560 1287 652 1360 1889.
677 1304 707 1360 p.
734 1302 783 1360 79.
831 1285 979 1361 Athenis).

394 1406 423 1485 3)
463 1404 616 1492 ’Ἄρτεμιν
638 1413 756 1494 ἀφίημι
772 1408 962 1495 ἐλευθέραν,
979 1407 1083 1494 (Diog.
1107 1412 1205 1469 Laest.
1224 1411 1279 1482 111,
1298 1404 1355 1490 42)
1378 1425 1455 1483 quae

287 1533 372 1572 serva
396 1525 440 1573 est
464 1516 597 1574 Platonis
621 1527 800 1576 testamento
823 1517 1014 1576 manumissa.

394 1640 500 1699 Habes
524 1642 670 1716 exempla.
719 1641 802 1721 Quid
832 1642 872 1700 de
896 1642 942 1699 his
973 1661 1113 1701 censeam
1137 1641 1267 1702 breviter
1297 1659 1455 1716 exponam.

287 1744 417 1803 Primum
440 1749 562 1806 eausam
586 1767 649 1806 non
673 1748 772 1818 video,
797 1767 849 1805 cur
872 1749 903 1805 in
928 1758 1010 1808 tanto
1034 1767 1159 1807 numero
1183 1749 1344 1807 formarum
1360 1742 1458 1830 ’Λρτε-

237 1845 238 1848 '
287 1873 357 1932 μεις
389 1854 603 1928 compendium
637 1873 703 1912 esse
733 1863 895 1912 statuamus
925 1855 1056 1912 nominis
1082 1844 1290 1940 Ἄρτεμεοσία.
1338 1853 1458 1912 Deinde

288 1957 531 2033 distinguendum
565 1972 608 2019 est
637 1961 713 2019 inter
732 1959 891 2042 Ἀρτεμεις
924 1971 954 2061 et
976 1966 1128 2062 >recepte
1173 1957 1332 2046 Ἀρτεμεις
1360 1970 1458 2018 autem

288 2083 348 2122 non
378 2075 476 2139 potest
499 2065 578 2123 idem
604 2085 668 2124 esse
699 2077 789 2141 atque
807 2063 965 2149 Ἄρτεμις,
990 2087 1057 2125 cum
1082 2093 1093 2129 ι
1117 2068 1147 2124 in
1171 2092 1199 2130 ει
1231 2067 1338 2124 mutari
1360 2084 1459 2140 neque

288 2181 318 2227 at
332 2165 367 2252 ¹).
414 2172 518 2245 Itaque
542 2182 591 2229 aut
615 2172 694 2231 idem
725 2181 770 2230 est
798 2183 888 2248 atque
923 2174 1063 2255 Ἄρτεμίς
1096 2167 1139 2254 (id
1165 2174 1249 2248 quod
1281 2181 1460 2230 censuerunt

288 2277 410 2334 Bechtel
435 2277 496 2334 und
519 2277 603 2335 Blass
618 2273 651 2353 2)‚
677 2278 747 2353 quia
770 2261 795 2340 i
812 2297 879 2336 cum
905 2304 933 2341 ει
957 2298 1047 2355 saepe
1072 2279 1177 2338 mutari
1195 2298 1270 2338 aevo
1294 2280 1459 2338 recentiore

289 2392 407 2440 constat
421 2375 457 2463 ³),
484 2395 534 2441 aut
558 2384 638 2442 idem
663 2395 753 2459 atque
769 2383 943 2470 Ἀρτεμεΐς,
967 2387 1051 2460 quod
1073 2386 1190 2462 scripsit
1206 2387 1250 2444 Le
1264 2388 1333 2455 Bas
1350 2394 1458 2442 utrum-

289 2478 346 2564 que
371 2489 545 2550 derivatum.
592 2489 735 2574 Ἄρτεμις
767 2509 856 2566 porro
886 2478 970 2549 item
988 2491 1154 2550 derivatum
1180 2492 1302 2551 videtur·
1325 2491 1365 2549 de
1388 2487 1458 2576 '‘Ap-
1560 2567 1564 2576 ,

289 2619 387 2676 repre.
433 2597 600 2654 Accentum
624 2607 703 2656 recte
726 2597 842 2655 videtur
865 2597 1039 2655 adhibuisse
1055 2598 1276 2656 circumflexum
1293 2595 1457 2655 Sterretius

396 2739 616 2796 Removeamus
632 2738 721 2814 igitur
736 2738 898 2823 Ἀρτεμεις
909 2757 950 2796 vex
965 2758 1089 2798 numero
1106 2741 1261 2798 nominum
1279 2740 1457 2798 divinorum.

290 2843 432 2928 Ἄρτεμις
455 2854 552 2902 autem
584 2846 748 2903 secundum
779 2854 916 2920 tempora
947 2856 1043 2903 utrum
1066 2841 1215 2930 ’Ἄρτεμις
1246 2866 1285 2903 an
1319 2843 1460 2931 Ἄρτεμις

290 2950 450 3008 scribenda
489 2951 526 3008 sit
564 2951 773 3010 iudicabimus.
844 2953 933 3011 Certe
971 2963 1000 3010 et
1039 2953 1204 3028 Lolling
1242 2953 1352 3011 fallitur
1391 2952 1460 3010 scri·

292 3053 525 3140 bens'laeiprepce
548 3055 782 3142 ταλασιουργός
800 3051 848 3137 (cf.
875 3077 965 3133 supra
988 3079 1017 3134 p.
1043 3059 1075 3135 8)
1092 3060 1122 3116 in
1138 3060 1223 3117 titulo
1240 3059 1373 3117 exeuntis
1397 3076 1459 3116 sae·

292 3162 351 3220 culi
386 3163 481 3238 quarti
520 3183 547 3222 a.
589 3165 623 3221 C.
666 3174 694 3222 et
730 3165 883 3240 Diogenes
919 3165 1030 3222 Laertii
1068 3165 1198 3223 editores
1236 3165 1400 3222 scribentes
1438 3165 1458 3222 l.

290 3270 343 3338 III,
369 3289 410 3340 40
435 3264 588 3354 ’Ἄρτεμιν
622 3269 652 3326 in
687 3280 866 3328 testamento
901 3271 1043 3328 Platonis,
1090 3271 1169 3328 Nam
1203 3269 1261 3327 illis
1293 3271 1355 3344 jam
1389 3280 1460 3328 tem-

291 3375 414 3451 poribus
451 3375 576 3434 deorum
611 3376 734 3434 nomina
769 3394 831 3433 non
866 3386 980 3434 mutata
1015 3376 1187 3433 hominibus
1220 3376 1291 3451 justi
1330 3376 1460 3434 nominis

291 3483 361 3541 ioco
399 3481 539 3556 imposita
577 3501 652 3552 esse,
692 3482 752 3539 veri
791 3483 908 3546 ‚videtur
946 3483 1033 3540 valde
1071 3482 1223 3543 dissimile.
1281 3483 1460 3542 Videbimus

293 3590 372 3648 enim
407 3587 493 3662 hujus
531 3606 600 3646 usus
635 3591 772 3665 exempla
805 3609 867 3648 non
903 3589 961 3647 nisi
996 3589 1089 3646 tribus
1129 3590 1190 3646 fere
1229 3588 1354 3646 saeculis
1393 3599 1461 3663 post

293 3695 427 3754 inveniri.
465 3691 587 3752 'Contra
610 3695 684 3779 nibil
712 3695 809 3753 obstat
846 3695 1006 3770 quominus
1033 3696 1108 3753 haec
1142 3695 1218 3753 deae
1251 3694 1377 3752 nomina
1411 3711 1460 3769 pu·

293 3811 403 3860 temus:

295 4028 609 4038 ..w—..m

403 4201 423 4270 1)
442 4205 563 4268 Exempla
582 4206 593 4252 ῐ
609 4205 635 4253 ἱη
653 4221 677 4254 ει
696 4205 791 4262 mutati,
809 4221 873 4269 quae
892 4205 1024 4252 afferuntur
1042 4205 1108 4266 apud
1125 4202 1282 4269 Kilbnerum
1298 4202 1462 4252 Griechische

295 4292 452 4341 Grammatik
471 4293 518 4359 ΙΙΙ,
539 4293 580 4341 ed.
602 4309 626 4355 p.
652 4305 701 4350 140
720 4293 767 4340 huc
786 4309 836 4341 non
856 4293 990 4356 pertinent.

402 4377 606 4444 ⁹)111Kahneri
625 4381 788 4443 grammatica
807 4382 906 4430 tertium
927 4382 969 4436 ed,
990 4399 1004 4431 a
1024 4381 1120 4430 Blassio
1140 4397 1165 4448 p.
1186 4393 1239 4446 494
1252 4397 1274 4430 c.

403 4467 424 4536 ³)
445 4469 478 4519 cf.
499 4469 605 4518 Kahner
623 4469 642 4518 l.
663 4484 686 4516 c.
707 4484 733 4534 p.
759 4482 817 4535 131.
