3534 5284
758 317 979 375 ..29-

390 501 495 573 Itaque
512 515 579 555 cum
601 514 635 553 12
642 515 681 570 34
707 495 831 553 omnino
848 495 877 552 in
902 493 993 552 titulis
1009 493 1125 552 Latinis
1153 493 1317 552 invenerim
1332 493 1455 552 nomina

285 605 419 673 deorum,
441 625 502 662 210
521 613 601 662 certo
618 602 745 678 tempori
764 601 896 660 adscribi
914 609 1047 676 possunt.
1066 599 1142 658 Satis
1163 619 1288 678 magnus
1305 619 1453 669 numerus

285 730 321 769 ex
345 730 405 786 quo
429 710 643 768 conclusionen
666 710 765 766 facere
788 708 887 767 liceat.
935 709 979 764 Ex
1002 707 1112 764 tabulis
1136 706 1224 780 igitur
1246 706 1373 764 efficitur
1395 708 1455 763 Ro-

286 836 391 876 manos
415 817 541 892 primum
565 817 689 874 deorum
713 814 838 874 nomina
861 813 1033 871 hominibus
1058 812 1236 887 imposuisse
1259 812 1363 887 paucis
1387 823 1456 870 ante

286 924 433 981 Christum
458 932 561 980 natum
585 920 681 991 annis,
699 921 826 978 maxime
850 919 1009 978 indulsisse
1033 919 1102 976 huic
1126 918 1335 976 consuetudini
1358 919 1455 994 primo

285 1047 313 1104 p.
340 1029 373 1089 C.
408 1029 549 1097 saeculo,
569 1027 680 1086 deinde
712 1027 855 1103 paulatim
886 1044 953 1084 eam
985 1025 1136 1094 minuisse,
1170 1025 1288 1100 penitus
1321 1025 1456 1084 amisisse

285 1138 406 1194 saeculo
430 1147 524 1194 sexte.
571 1137 604 1192 In
630 1154 689 1210 quo
722 1135 828 1193 mirum
853 1135 969 1192 videtur
1001 1135 1090 1192 etiam
1116 1134 1299 1192 Christianos
1324 1145 1453 1191 veterum

285 1243 409 1300 deorum
442 1242 565 1300 nomina
598 1259 652 1316 pro
685 1241 917 1317 cognominibus
950 1259 1115 1316 usurpasse.
1176 1241 1220 1297 Ex
1252 1240 1310 1297 hac
1346 1259 1377 1299 re
1408 1241 1454 1298 vel

286 1348 414 1406 maxime
438 1348 564 1424 intelligi
588 1358 687 1423 potest
717 1362 902 1422 quantopere
926 1347 1098 1422 pervulgata
1122 1345 1208 1405 suerit
1231 1347 1308 1404 haec
1331 1365 1453 1404 consue·

285 1454 367 1512 tudo.
394 1453 546 1512 Nimirum
573 1453 659 1512 obliti
683 1466 776 1526 erant,
804 1453 869 1528 quis
898 1464 976 1511 esset
999 1453 1134 1528 proprius
1158 1452 1275 1511 illorum
1299 1453 1454 1511 nominum

284 1579 397 1620 sensus
445 1563 537 1619 Porro
562 1561 668 1619 eadem
685 1561 809 1618 nomina
832 1579 894 1618 non
911 1560 1051 1617 omnibus
1074 1559 1201 1618 saeculis
1226 1559 1452 1635 usurpabantur.

285 1667 362 1724 Nam
381 1667 477 1743 primo
494 1668 613 1725 saeculo
630 1666 796 1724 invenimus
819 1666 945 1724 nomina
962 1666 1121 1736 HermetiS,
1140 1665 1264 1735 Phoebi,
1282 1665 1453 1735 Artemidis,

284 1773 423 1843 Palladis,
453 1773 620 1842 Posidonis,
646 1773 782 1839 Veneris,
814 1774 950 1846 Deanae,
977 1772 1128 1840 Mercurii,
1153 1774 1266 1836 altero:
1291 1771 1453 1842 Hermetis,

284 1880 408 1946 Phoebi,
444 1878 592 1948 Mercurii,
627 1879 729 1939 tertio:
763 1879 924 1947 HermetiS,
960 1879 1110 1948 Mercurii,
1144 1890 1270 1953 quarto:
1303 1879 1452 1948 Mercurii,

286 1985 409 2059 quinto:
436 1985 595 2043 Hermetis.
633 1985 727 2043 Simul
749 1985 964 2060 pedetemptim
986 1985 1078 2043 minui
1102 1985 1180 2043 hanc
1195 1985 1350 2044 nominum
1374 1985 1454 2061 copi·

284 2109 331 2148 am
356 2091 500 2149 videmus.
537 2091 614 2148 Nam
631 2091 758 2166 primurn
782 2091 886 2149 omnia
900 2091 1024 2150 nomina
1047 2095 1078 2149 in
1094 2110 1149 2150 usu
1172 2092 1298 2150 luerunt.
1333 2092 1454 2152 Deinde

288 2197 448 2267 Hermetis,
483 2197 607 2266 Phoebi,
633 2197 782 2267 Mercurii,
817 2208 879 2255 tum
909 2197 1061 2256 Hennetis
1086 2207 1115 2255 et
1148 2197 1287 2256 Mercurii
1320 2198 1452 2258 nomina.

285 2306 370 2362 Haec
393 2302 449 2361 tria
472 2303 608 2375 nomina
626 2303 770 2378 imprimis
795 2303 824 2360 in
848 2303 965 2362 deliciis
988 2303 1078 2360 fuisse
1110 2303 1200 2362 etiam
1224 2303 1294 2362 inde
1318 2314 1453 2379 apparet,

283 2411 365 2484 quod
388 2411 478 2484 longe
502 2409 676 2484 saepissime
700 2409 898 2469 inveniuntur.
946 2411 1100 2468 Postremo
1134 2419 1298 2467 memoratu
1330 2409 1454 2486 dignum

283 2526 326 2574 est
349 2517 439 2590 longe
463 2515 547 2574 aliter
572 2526 712 2590 usurpata
736 2534 800 2574 esse
825 2535 842 2572 a
866 2515 1013 2574 Romanis
1031 2516 1149 2573 Graeca
1173 2516 1298 2574 deorum
1319 2516 1452 2586 nomina,

283 2622 367 2681 aliter
390 2623 537 2680 Romana.
585 2621 684 2680 Primo
708 2622 787 2680 enim
811 2623 934 2680 saeculo
963 2641 1019 2678 101
1047 2621 1236 2680 inveniuntur
1260 2622 1380 2680 Graeca
1402 2641 1454 2681 no-

283 2728 374 2797 mina,
399 2747 418 2799 4
444 2726 571 2800 Latina3
596 2728 689 2798 altero
717 2743 755 2801 59
781 2728 909 2796 Graeca,
936 2730 954 2784 8
984 2727 1108 2802 Latina3
1139 2727 1227 2786 tertio
1264 2730 1301 2786 16
1327 2729 1453 2799 Graeca,

288 2855 321 2891 11
350 2833 472 2908 Latina3
497 2834 602 2908 quinto
626 2834 687 2892 duo
705 2834 832 2904 Graeca,
849 2834 932 2892 nulla
948 2835 1065 2892 Latina.
1107 2835 1188 2910 Ergo
1204 2834 1314 2893 Latina
1328 2835 1453 2894 deorum

283 2940 406 2998 nomina
435 2940 528 2999 serius
561 2959 652 3014 quam
687 2941 804 3000 Graeca
835 2940 971 3016 usurpari
994 2952 1103 3016 coepta
1137 2952 1215 3010 sunt,
1240 2959 1337 3016 eaque
1368 2942 1453 3000 initio

284 3047 377 3102 multo
401 3045 502 3118 rarius,
527 3046 637 3104 deinde
661 3046 750 3120 paulo
775 3046 903 3121 saepius,
928 3055 1079 3120 postremo
1106 3047 1196 3106 etiarn
1220 3047 1340 3121 saepius
1364 3066 1453 3122 quam

286 3151 411 3209 Graeca.
451 3153 550 3225 Atque
574 3152 648 3210 haec
673 3151 795 3225 quidem
816 3152 969 3211 hactenus

392 3257 643 3332 Comparautibus
659 3257 747 3316 nobis
764 3259 916 3334 utriusque
941 3260 1070 3318 nationis
1103 3278 1188 3319 usum
1213 3261 1347 3320 Graecos
1372 3262 1453 3325 vide·

284 3383 348 3422 mus
372 3365 447 3422 haec
470 3364 594 3422 nomina
617 3374 646 3422 et
670 3363 806 3439 ingenuis
830 3376 859 3423 et
882 3366 973 3426 servis
998 3366 1188 3441 imposuisse,
1209 3369 1364 3426 Romanos
1388 3379 1453 3429 tan·

283 3471 440 3529 tummodo
463 3471 580 3528 libertis
603 3481 632 3528 et
656 3470 748 3528 servis
772 3472 876 3546 paucis
905 3472 1042 3548 ingenuis
1066 3474 1209 3548 exceptis.

390 3579 482 3636 Porro
493 3577 584 3635 multa
598 3577 722 3635 nomina
739 3578 769 3636 in
781 3578 906 3636 Graecis
917 3578 1007 3638 titulis
1020 3579 1141 3640 inventa
1151 3582 1358 3639 Romanorum
1375 3592 1453 3644 sunt.

390 3704 547 3788 Praeterea
569 3703 697 3778 primum
720 3723 832 3762 nornen
856 3706 1037 3775 Romanurn,
1063 3706 1146 3779 quod
1177 3716 1258 3764 certo
1292 3724 1372 3764 anno
1402 3707 1452 3764 ad-

285 3808 374 3866 scribi
398 3820 507 3885 potest,
537 3789 616 3868 anni·
631 3819 675 3868 est
700 3831 717 3885 9
744 3830 770 3868 a.
796 3811 843 3880 C.,
868 3811 996 3885 primum
1022 3812 1171 3870 Graecum
1196 3812 1261 3871 aevi
1285 3812 1450 3872 Tiberiani.

392 3915 482 3989 Apud
505 3915 661 3974 Romanos
697 3918 772 3974 baec
807 3916 932 3974 nomina
955 3915 1084 3975 maxime
1107 3917 1137 3974 in
1162 3936 1216 3976 usu
1249 3928 1333 3976 erant
1356 3918 1452 3993 primo

286 4039 313 4095 p.
341 4021 375 4078 C.
401 4022 530 4089 saecul0,
565 4023 645 4097 apud
678 4023 812 4082 Graecos
841 4024 944 4082 altero
993 4024 1038 4080 Ex
1071 4043 1132 4098 quo
1166 4043 1355 4099 consequens
1387 4043 1452 4084 esse

285 4127 401 4186 videtur
424 4128 580 4185 Romanos
603 4129 716 4203 priores
740 4129 863 4190 deorum
888 4130 1012 4189 nomina
1039 4130 1139 4189 liberis
1162 4130 1340 4207 imposuisse
1362 4148 1452 4206 quarn

287 4233 430 4293 Graecos.
477 4233 555 4291 Nam
580 4234 721 4292 vetustius
744 4235 818 4294 illud
843 4236 924 4312 apud
940 4237 1096 4294 Romanos
1120 4254 1232 4295 nomen
1248 4245 1347 4311 potest
1369 4236 1452 4295 casui

286 4338 359 4400 dari.
411 4341 481 4398 Hoc
504 4358 574 4398 vero
605 4339 720 4398 ratione
743 4360 805 4400 non
835 4361 909 4402 casu
940 4342 1195 4419 interpretandum
1219 4352 1263 4400 est
1287 4343 1368 4416 apud
1391 4344 1451 4399 Ro·

286 4465 391 4508 manos
414 4446 521 4526 primo,
546 4447 627 4526 apud
646 4447 778 4508 Graecos
803 4450 897 4509 altero
920 4467 950 4530 p.
975 4449 1010 4510 C.
1034 4449 1156 4510 saeculo
1178 4449 1300 4510 demum
1322 4447 1452 4510 maxime

1506 482 1520 521 ὀ
