3534 5284
816 277 1037 332 ...18-

803 467 1045 544 apraetoriani:
1101 529 1108 544 ,

448 577 475 653 1)
523 577 557 634 L.
585 575 718 634 Mindius
742 576 880 633 Phoebus
905 577 1120 650 praetorianus,
1146 577 1197 642 VI,
1226 595 1309 651 2179
1336 597 1363 634 a.
1394 597 1440 638 12.

446 685 476 760 2)
522 684 563 744 M.
589 682 712 740 Valerio
738 681 872 744 Hermeti
898 681 959 741 mil.
983 683 1050 740 coli.
1077 683 1121 738 ΙΙΙ
1145 693 1249 756 praet,
1268 685 1322 754 VI,
1351 704 1444 760 2331.

621 808 635 844 2
662 788 784 876 tribules
808 788 901 845 tribus
925 788 1053 846 rusticae
1077 787 1234 860 Quirinae.

448 890 475 979 1)
522 897 553 952 P.
580 894 736 952 Ambivius
760 896 793 951 P.
827 895 866 951 fit.
894 893 965 966 Qui.
991 896 1119 952 Hermes
1150 913 1233 951 aram
1257 896 1356 970 posuit
1380 898 1410 953 P.
1438 899 1508 954 Am-

337 1001 418 1058 bivio
442 1003 473 1060 P.
498 1001 594 1059 libert.
621 1001 756 1058 Hermeti
780 999 866 1074 patri,
892 1001 946 1068 Vl,
975 1016 1089 1075 11530.

445 1124 476 1200 2)
521 1124 567 1182 Ti.
586 1125 729 1184 Claudius
739 1124 922 1182 Artemidori
934 1125 954 1182 s.
972 1124 1042 1196 Qui.
1062 1125 1201 1182 Phoebus
1217 1125 1505 1201 Tiberiopolitanus.

336 1233 405 1300 XII,
433 1235 535 1306 5718:
561 1249 621 1305 rep.
640 1231 670 1288 in
687 1231 875 1290 Tarantasia.

623 1357 637 1394 2
656 1337 778 1395 tribules
795 1337 887 1395 tribus
905 1337 1038 1396 urbanae
1056 1338 1218 1396 Palatinae.

449 1444 476 1520 1)
522 1447 556 1503 A.
583 1443 686 1501 Orcivi
710 1445 747 1500 A.
768 1443 1006 1514 PaLHermetiS,
1032 1445 1083 1510 Vl,
1112 1447 1228 1519 23566.

415 1583 416 1586 =
446 1545 475 1631 2)
524 1552 558 1608 L.
584 1549 695 1607 Plutius
721 1550 755 1608 L.
779 1550 812 1608 F.
840 1550 900 1607 Pal.
927 1549 1075 1617 Phoebus,
1099 1551 1136 1617 X,
1168 1553 1269 1625 1633:
1295 1551 1426 1609 Puteolis

443 1658 535 1714 Porro
552 1657 660 1714 multos
682 1655 793 1724 inveni,
811 1655 871 1729 qui,
889 1674 956 1712 cum
981 1655 1068 1712 trium
1085 1655 1143 1713 sint
1159 1657 1315 1732 nominum
1331 1675 1388 1716 nec
1411 1657 1508 1714 liberti

337 1762 533 1837 appellentur,
558 1773 655 1820 utrum
688 1761 810 1836 ingenui
842 1781 881 1819 an
905 1761 1002 1820 liberti
1037 1762 1104 1830 sint,
1129 1781 1191 1820 non
1222 1774 1321 1838 potest
1353 1763 1507 1839 cognosci.

443 1867 564 1928 Profero
588 1868 716 1943 exempli
741 1886 851 1927 causa:
878 1868 914 1926 T.
941 1869 1120 1926 Mercasium
1145 1870 1319 1928 Hermetem
1344 1871 1507 1944 1113625:

340 1975 370 2034 iu
388 1974 551 2035 Dalmatia.
585 1975 624 2047 Q.
643 1975 784 2032 Murtium
800 1977 976 2032 Hermetem
992 1977 1030 2044 V,
1052 1977 1154 2050 2258:
1180 1976 1210 2032 in
1229 1976 1330 2034 Gallia
1343 1975 1507 2050 Cisalpina.

338 2083 372 2140 L.
398 2081 542 2139 Messium
567 2083 709 2140 Hermam
734 2083 786 2149 IX,
817 2100 892 2155 143:
917 2081 1077 2139 Brundisii.
1096 2083 1138 2141 M.
1164 2083 1270 2156 Rajum
1287 2083 1440 2139 Phoebum
1453 2083 1507 2149 IX,

340 2205 443 2261 2741:
468 2187 639 2247 Aeserniae.

445 2295 551 2368 Longe
575 2294 693 2369 plurimi
724 2305 822 2352 autem
854 2295 1000 2364 omnium,
1023 2294 1073 2368 qui
1097 2294 1220 2354 deorum
1254 2294 1379 2352 nomina
1400 2294 1507 2364 ferunt,

337 2411 404 2460 sunt
428 2419 465 2458 ex
489 2401 594 2462 ordine
617 2401 809 2469 libertorum,
843 2401 874 2458 in
908 2401 1017 2474 quibus
1047 2400 1241 2475 praecipuum
1273 2401 1374 2458 locum
1405 2411 1508 2457 tenent

338 2506 549 2580 imperatorum
568 2517 596 2564 et
620 2507 751 2564 familiae
767 2509 920 2582 Augustae
943 2507 1051 2565 liberti.
1092 2509 1129 2564 Et
1144 2506 1289 2581 quoniam
1313 2507 1411 2564 liberti
1427 2506 1507 2564 idem

338 2613 491 2670 habebant
514 2631 698 2686 praenomen
723 2624 751 2671 et
767 2631 878 2671 nomen
901 2633 937 2670 ac
961 2613 1111 2681 dominus,
1127 2613 1180 2670 ubi
1203 2613 1280 2670 baec
1303 2613 1407 2670 addita
1429 2599 1506 2681 sunt,

338 2719 408 2776 hinc
431 2719 577 2792 cognosci
609 2730 721 2794 potest,
747 2721 828 2794 eujus
861 2719 968 2780 fuerint
992 2719 1179 2793 imperatoris
1211 2719 1318 2778 liberti.
1365 2719 1401 2776 Id
1426 2718 1507 2793 qnod

337 2825 438 2902 magni
462 2835 505 2883 est
529 2826 671 2883 momenti
696 2826 734 2884 ad
759 2837 874 2901 ternpus
900 2825 1030 2885 nominis
1053 2825 1268 2884 definiendum.

445 2933 531 2990 Unus
555 2931 643 3005 igitur
667 2931 792 3006 Augusti
816 2933 863 2990 vel
889 2931 989 2990 Liviae
1014 2932 1136 2990 libertus
1160 2932 1325 2991 invenitur:
1351 2931 1385 2989 C.
1414 2929 1506 3004 Julius

338 3040 415 3113 Aug.
441 3039 475 3096 L.
502 3036 640 3095 Phoebos
664 3037 854 3107 Rufioninus‚
879 3039 932 3106 VI,
949 3057 1064 3095 20201.
1105 3039 1192 3098 Unus
1214 3037 1359 3096 Octaviae
1380 3034 1507 3094 Neronis

336 3144 389 3202 lib.
437 3144 576 3214 Phoebus
600 3144 745 3202 Octaviae
769 3155 891 3202 exactor
913 3146 969 3214 VI,
994 3147 1076 3216 8647
1104 3163 1132 3203 a.
1174 3146 1301 3203 Henzen
1323 3144 1403 3202 enim
1428 3153 1507 3200 recte

338 3250 496 3309 Octaviam
529 3250 657 3309 Neronis
690 3250 918 3326 intelligendum
947 3262 1059 3319 censet,
1093 3269 1160 3310 cum
1201 3251 1232 3307 in
1264 3249 1506 3324 inscriptionibus

338 3361 409 3414 una
431 3356 555 3432 repertis
585 3358 619 3418 C.
653 3343 764 3416 Caesar
799 3359 951 3432 Augustus
984 3370 1014 3416 et
1046 3357 1094 3415 Ti.
1131 3357 1274 3416 Claudius
1306 3356 1416 3412 Caesar
1446 3355 1505 3411 Au·

337 3473 438 3539 gustus
454 3475 734 3543 commemorentur.
773 3464 876 3524 Liviae
894 3464 1019 3536 liberta;
1043 3465 1172 3522 Artemis
1199 3463 1288 3522 divae
1309 3459 1404 3536 Juliae
1429 3461 1504 3534 Aug.

338 3569 454 3638 liberta,
480 3571 534 3637 VI,
571 3571 685 3643 18038.
735 3571 886 3646 Agrippae
919 3571 1050 3627 Postumi
1080 3571 1204 3628 liberta:
1240 3567 1366 3627 Artemis
1401 3566 1508 3641 Pupilli

337 3676 490 3750 Agrippae
513 3677 532 3734 l.
558 3677 611 3744 Vl,
641 3678 755 3750 18348.
803 3675 980 3752 (Agrippam
997 3679 1169 3737 Postumum
1193 3674 1419 3748 intelligendum
1443 3691 1508 3730 esse
1581 3744 1584 3749 Ι

338 3783 510 3854 Mommsen
534 3781 613 3840 inde·
628 3782 785 3852 conclusit,
811 3782 895 3857 quod
929 3782 1010 3842 idem
1034 3772 1159 3845 dicittu:
1184 3798 1281 3856 pupus
1304 3779 1441 3854 Agrippa
1465 3780 1506 3837 M.

338 3889 357 3948 f.
383 3890 422 3958 1-1,
452 3891 552 3963 1528;
578 3907 673 3963 pupus
697 3889 832 3965 Agrippa
855 3891 893 3961 X,
920 3909 993 3964 924·

446 3993 564 4051 Claudii
582 3994 680 4052 liberti
695 3995 716 4052 ii
732 3996 857 4070 putandi
881 4006 960 4066 sunt,
977 3996 1007 4054 in
1031 4013 1157 4069 quorum
1173 3993 1347 4054 nominibus
1362 3992 1509 4053 invenitur

338 4119 521 4176 praenomen
546 4100 675 4173 Tiberii,
711 4119 821 4158 nomen
846 4102 974 4170 Claudii,
1000 4102 1138 4177 apposita
1166 4101 1298 4175 denique
1321 4110 1388 4158 sunt
1418 4100 1509 4157 verba

343 4205 485 4281 »Augusti
503 4205 574 4262 lib«
612 4206 719 4280 Neque
744 4207 823 4264 enim
840 4207 997 4282 Caligulae
1014 4218 1063 4265 aut
1081 4207 1218 4277 Neronis,
1236 4207 1287 4280 qui
1304 4207 1373 4264 item
1392 4205 1508 4263 Claudii

339 4321 434 4382 erant,
459 4309 557 4368 liberti
582 4329 647 4370 esse
671 4324 805 4386 possunt,
823 4332 891 4370 cum
915 4312 1009 4370 neutri
1033 4333 1144 4372 eorum
1160 4315 1197 4370 sit
1221 4331 1403 4388 praenomen
1420 4313 1508 4370 Tibe-

291 4418 407 4484 ·rius.
455 4416 569 4478 Tiberii
593 4436 663 4478 vero
695 4419 882 4496 imperatoris
912 4419 1011 4481 liberti
1034 4421 1072 4480 Ti
1093 4419 1163 4500 Julii
1193 4429 1346 4496 vocantur,
1374 4412 1423 4506 (cs.
1449 4419 1496 4478 vol
1602 4483 1605 4488 ,
