3534 5284
375 1326 554 1402 Saepissime
578 1327 702 1386 deorum
726 1326 850 1384 nomina
873 1345 935 1384 non
959 1336 1072 1385 mutata
1094 1307 1267 1385 bominibus
1295 1327 1436 1404 imposita

267 1451 332 1491 esse
355 1451 391 1491 ex
407 1432 498 1490 titulis
522 1419 665 1490 discimus
689 1442 718 1490 et
742 1432 867 1490 Graecis
892 1443 921 1490 et
944 1432 1069 1492 Latinis,
1116 1435 1164 1491 De
1194 1451 1254 1507 qua
1276 1452 1307 1492 re
1329 1435 1434 1492 mirum

198 1586 200 1590 ,
267 1549 311 1596 est
334 1537 484 1596 neminem
508 1547 639 1594 veterum
663 1537 839 1612 disputasse.
888 1538 966 1596 Nam
989 1538 1072 1612 quod
1098 1539 1237 1596 Clemens
1261 1539 1436 1597 Alexandri·

267 1663 322 1702 nus
338 1644 369 1701 in
385 1643 568 1718 Protreptico
585 1645 637 1712 IV,
653 1659 692 1718 54
710 1652 739 1701 et
755 1644 927 1701 Athenaeus
945 1645 984 1711 II,
1002 1663 1031 1718 p.
1054 1647 1114 1719 289
1139 1645 1178 1701 de
1201 1643 1311 1719 Ceyce,
1328 1645 1436 1719 Alcyo-

266 1768 315 1819 na,
341 1751 523 1819 Menecrate,
548 1749 613 1806 aliis
638 1749 795 1818 disserunt,
820 1768 882 1806 non
906 1749 945 1807 de
968 1749 1044 1807 veris
1068 1749 1240 1807 nominibus
1264 1760 1366 1828 agunt,
1382 1750 1435 1808 sed

266 1855 305 1913 de
328 1855 445 1928 talibus
471 1873 549 1932 quae
572 1873 625 1930 per
649 1854 819 1930 superbiam
836 1865 887 1913 aut
902 1874 955 1930 per
968 1857 1069 1930 jocum
1087 1866 1239 1931 assumpta
1261 1867 1337 1914 sunt.
1377 1857 1436 1914 No·

267 1970 325 2019 stra
357 1972 456 2019 autem
483 1970 588 2030 aetate,
623 1972 654 2018 ut
694 1961 829 2020 omittam
854 1961 1067 2036 Spanhemium
1081 1958 1104 2038 ¹)
1138 1972 1167 2019 et
1196 1937 1274 2035 quae
1297 1962 1437 2020 Reislrius

267 2067 297 2123 in
321 2067 453 2126 editione
477 2067 669 2142 anthologiae
692 2067 848 2125 Palatinae
872 2067 1027 2125 adnotavit
1050 2069 1089 2126 ad
1121 2085 1241 2125 carmen
1267 2070 1341 2139 462,
1367 2067 1437 2126 Kei-

267 2173 322 2230 lius
340 2167 363 2250 ⁹)
387 2172 517 2232 breviter
540 2174 578 2231 de
602 2175 659 2232 hac
683 2173 902 2231 consuetudine
933 2173 1080 2241 disseruit,
1106 2173 1235 2231 Sturzius
1249 2166 1274 2252 ³)
1302 2183 1332 2231 et
1355 2175 1436 2231 Heff·

266 2289 365 2349 terus,
399 2280 454 2338 etsi
485 2298 550 2338 eam
580 2279 739 2355 attigerunt
767 2289 867 2338 tamen
904 2279 1047 2354 exemplis
1083 2289 1142 2337 tam
1178 2279 1281 2354 paucis
1313 2280 1437 2338 uteban-

267 2393 322 2456 tur,
349 2395 462 2443 utrem
488 2385 657 2460 perspicere
680 2404 742 2442 non
766 2395 898 2460 possent.
945 2386 1022 2442 Nam
1047 2385 1176 2443 Sturzius
1199 2385 1223 2443 si
1247 2385 1337 2444 dicit:
1360 2385 1437 2444 »Eti-

205 2527 211 2544 .
272 2509 339 2548 ›am
362 2475 487 2548 nomina
510 2491 635 2550 deorum
659 2490 733 2566 ipsa,
759 2508 858 2564 neque
889 2491 950 2547 ullo
982 2491 1075 2549 modo
1108 2500 1231 2560 mutata,
1264 2490 1437 2548 hominibus

273 2615 515 2672 »nonnumquam
540 2598 697 2666 dabantur,
721 2607 754 2656 ut
770 2593 879 2672 Ἆπις,
904 2585 1101 2676 Ἀσκληπιός,
1125 2593 1330 2680 Διόσκυρος<<,
1353 2596 1436 2670 igno·

269 2721 349 2760 rasse
372 2702 488 2760 videtur
511 2703 599 2762 etiam
625 2721 807 2762 summorum
840 2703 965 2761 deorum
996 2701 1121 2759 nomina
1150 2701 1295 2771 adhiberi,
1320 2696 1436 2785 (Ἄρτε-

267 2832 321 2888 μις
343 2808 422 2866 enim
446 2809 522 2866 inter
545 2809 668 2866 nomina
684 2809 723 2865 ad
739 2808 763 2865 is
779 2808 895 2866 derivat
911 2827 930 2866 a
945 2817 1081 2866 numerat
1096 2801 1129 2883 ⁴).
1166 2808 1317 2866 Heffterus
1337 2817 1437 2865 autem

269 2913 371 2971 scribit
382 2906 422 2995 5);
453 2914 557 2970 ›Auch
587 2914 690 2972 finden
721 2914 784 2972 sich
808 2914 929 2972 obwohl
959 2933 1015 2972 nur
1038 2913 1153 2988 wenige
1176 2912 1341 2988 Beispiele,
1367 2913 1437 2971 dass

274 3021 404 3077 »Romer
433 3005 513 3076 ¹nach
545 3019 746 3095 griechischer
776 3021 874 3078 Weise
906 3021 958 3078 mit
992 3021 1051 3079 den
1075 3020 1193 3077 Namen
1226 3037 1286 3076 von
1310 3019 1437 3078 Gottern

274 3125 384 3182 »selbst
407 3124 519 3200 begabt
542 3125 664 3183 worden
688 3133 814 3197 waren«
843 3126 992 3196 nimirum,
1018 3125 1161 3200 quoniam
1185 3143 1293 3199 corpus
1316 3124 1438 3200 inscrip·
1495 3147 1502 3156 ·

269 3230 383 3289 tionum
408 3229 580 3287 Latinarum
613 3231 747 3288 nondum
779 3231 891 3289 editum
924 3242 998 3301 erat,
1032 3250 1173 3306 magnam
1207 3231 1354 3305 ejusmodi
1385 3249 1437 3288 no·

200 3371 201 3374 =
270 3337 383 3395 minum
407 3335 527 3412 copiam
550 3355 611 3394 non
633 3347 824 3412 cognoverat.
873 3337 989 3396 Keilius
1012 3356 1083 3396 vero
1097 3332 1119 3414 ὅ)
1143 3346 1172 3394 et
1195 3337 1349 3410 quomodo
1374 3346 1438 3396 orta

271 3442 308 3501 sit
330 3444 405 3502 haec
427 3444 614 3503 consuetudo
638 3443 787 3521 explicare
818 3444 917 3503 studet
938 3454 969 3503 et
992 3461 1029 3503 ex
1052 3442 1177 3503 Graecis
1208 3442 1300 3502 titulis
1324 3443 1439 3518 aliquot

271 3654 588 3664 Ἣ

379 3791 400 3863 ¹)
420 3793 593 3860 Spanliemius¹
611 3793 643 3845 de
661 3793 813 3859 praestantia
831 3802 855 3845 et
873 3809 918 3846 usu
936 3792 1114 3844 numismatum
1133 3792 1299 3859 antiquomm.
1327 3794 1438 3843 Amster·

272 3883 331 3934 dam
354 3887 429 3947 1671.

368 3969 402 4035 J)
421 3972 490 4037 Keil,
509 3970 634 4037 specimen
655 3971 829 4035 onomatologi
849 3972 940 4022 Graeci
959 3971 1060 4034 Lipsiae
1082 3970 1157 4030 1840.

379 4058 402 4128 ⁸)
422 4062 501 4129 Stura,
521 4062 553 4112 de
571 4061 715 4112 nominibus
734 4060 837 4110 Graecis
856 4060 957 4124 Lipsiae
980 4059 1056 4126 1825,
1080 4073 1106 4122 p.
1127 4057 1172 4110 88.

390 4149 439 4216 ll.
459 4165 482 4198 c.
503 4165 530 4213 p.
552 4149 596 4198 86.

380 4236 400 4304 ⁵)
418 4238 522 4298 Heffter,
553 4237 594 4286 die
619 4237 760 4286 rtimischen
780 4237 915 4284 Personen·
941 4236 992 4284 und
1012 4234 1281 4302 Geschlechtsnameu,
1301 4231 1441 4286 Zeitschrift

273 4327 291 4376 f.
313 4328 554 4391 Gymnasialwesen.
589 4325 676 4391 Jahrg.
700 4326 776 4392 1863,
797 4341 823 4390 p.
844 4326 906 4388 651.

381 4412 483 4488 8)1.ο.
503 4432 529 4482 p.
551 4415 567 4466 6
586 4431 640 4486 seq.
