3534 5284
355 492 506 552 Herma
537 495 613 570 Aug.
639 494 691 554 lib.
723 513 741 553 a
773 494 923 563 cubicum,
954 495 1008 562 VI,
1035 496 1130 570 8570.
1181 529 1210 538 --
1243 496 1279 553 T.
1311 496 1344 555 F.
1370 496 1447 570 Aug.
1472 494 1524 553 lib.

355 601 562 671 Phoebus,
596 603 654 672 VI,
695 605 809 659 18166.
845 635 886 642 —
920 601 1061 659 Callistus
1091 602 1205 660 Phoebi
1235 601 1371 660 Caesaris
1401 601 1525 676 Augusti

355 705 457 764 ascari.
482 706 583 780 vicar,
607 708 646 776 V,
676 710 777 764 1801:
803 707 833 763 in
863 706 963 765 Gallia
994 706 1156 782 Cisalpina.
1183 741 1224 750 —-
1245 711 1310 782 Jam
1344 709 1525 784 pnvatorum

353 811 476 869 libertos
500 823 529 870 et
552 812 674 870 libertas
698 813 843 870 ducentos
868 813 930 870 sere
954 812 1064 880 inveni,
1087 830 1123 870 ex
1148 813 1257 886 quibus
1282 814 1412 889 exempli
1435 831 1527 870 causa

354 916 497 977 nomino:
512 919 677 977 Caeciliam
692 919 731 991 Q.
751 919 784 976 L.
799 920 866 975 Art
878 919 995 987 emin,
1013 920 1051 988 Il,
1070 921 1173 993 3969:
1192 918 1272 993 apud
1292 921 1468 993 Saguntum.
1484 953 1522 960 --

355 1023 483 1082 Mariam
506 1025 541 1083 L.
559 1027 593 1085 L.
619 1021 850 1100 Pal(lada),
875 1025 913 1096 V,
941 1041 1013 1098 997.
1061 1024 1286 1100 Aquilejae·-·-
1310 1024 1455 1082 Salariam
1480 1018 1524 1102 K

355 1129 487 1188 mulieris
515 1131 567 1189 lib.
600 1130 886 1206 Aphroditen,
910 1132 948 1199 V,
976 1146 1077 1203 7107:
1109 1131 1139 1188 in
1164 1130 1313 1188 Taurinis,
1340 1165 1380 1172 -
1406 1130 1439 1188 C.
1465 1132 1525 1186 Du·

355 1237 473 1294 cenium
498 1237 532 1296 C.
567 1237 617 1296 lib.
652 1237 873 1310 Phoebum,
900 1238 952 1307 Vl,
988 1255 1060 1310 700.
1086 1270 1124 1278 -
1152 1240 1184 1296 P.
1217 1239 1375 1295 Afranium
1406 1239 1438 1294 P.
1471 1235 1524 1295 lib.

355 1343 540 1412 Hermetem,
573 1344 625 1411 VI,
666 1363 780 1400 11212.
814 1377 855 1386 -
890 1343 1140 1402 Mercurium
1174 1344 1310 1402 libertum
1350 1345 1393 1402 M.
1427 1341 1526 1403 Clarci

355 1449 516 1518 Pudentis,
551 1449 644 1518 VIII,
680 1465 780 1524 5230:
817 1450 962 1524 Hippone
994 1449 1101 1523 Regin.
1150 1451 1184 1508 L.
1220 1450 1399 1524 Venulejum
1433 1449 1467 1506 L.
1506 1449 1524 1506 l.

356 1554 573 1624 Phoebum,
598 1557 636 1625 X,
666 1574 794 1629 1403a:
819 1557 1022 1614 Herculaneo.
1066 1591 1074 1595 -
1115 1558 1151 1615 A.
1177 1556 1376 1613 Caesennium
1402 1555 1481 1612 Galli
1506 1554 1525 1612 l.

358 1662 563 1730 Hermam,
588 1662 672 1731 XIV,
699 1679 761 1735 730
785 1662 868 1730 add,
897 1661 1010 1719 Ostiae.
1030 1695 1070 1702 --
1088 1661 1257 1719 Nonnullos
1281 1670 1380 1719 autern
1403 1661 1527 1718 libertos

355 1784 421 1824 esse
444 1766 515 1824 inde
546 1779 678 1843 apparet,
711 1768 794 1842 quod
824 1768 958 1843 patronis
989 1778 1038 1825 aut
1071 1767 1234 1825 collibertis
1266 1778 1367 1824 votum
1398 1766 1526 1835 solvunt,
1554 1795 1558 1802 ,

355 1873 452 1932 velut:
478 1875 514 1930 T.
537 1873 631 1947 Julius
655 1877 829 1932 Hermes
854 1884 992 1949 patron0,
1010 1876 1062 1942 VI,
1086 1876 1200 1948 19862.
1220 1873 1354 1948 -Julia
1370 1872 1527 1947 Aphro·

355 1978 443 2052 dite
476 1988 614 2055 patrono,
638 1981 693 2048 VI,
722 1998 837 2054 20270.
864 2015 906 2024 —
931 1982 965 2039 C.
996 1980 1090 2055 Julius
1122 1981 1364 2038 Mercurius
1387 1989 1526 2054 patrono,

355 2087 408 2156 VI,
438 2103 552 2160 19999.
578 2119 620 2129 -
644 2085 679 2143 C.
705 2085 856 2143 Munatius
892 2088 1056 2164 Hermes
1080 2087 1237 2144 colliberto
1262 2088 1313 2154 VI,
1342 2088 1458 2160 22653.
1485 2119 1527 2126 -

461 2191 549 2248 Nunc
561 2192 599 2248 de
610 2191 700 2250 servis
714 2192 823 2262 dicam,
839 2211 874 2251 ae
888 2193 1015 2268 primum
1026 2193 1149 2267 quidem
1162 2193 1200 2250 de
1210 2194 1412 2268 Augustorum
1425 2190 1526 2260 serviS,

355 2315 482 2371 quorum
506 2297 609 2374 viginti
630 2299 691 2356 fere
721 2299 844 2356 deorum
864 2300 1116 2367 nominatarum,
1142 2299 1239 2356 velut:
1267 2293 1426 2379 [Pholebus
1451 2298 1527 2356 Caes

354 2397 437 2485 (aris)
462 2423 481 2461 n
505 2397 604 2482 (ostri)
636 2423 667 2462 se
700 2398 801 2486 (rsus),
828 2407 896 2480 eph.
921 2424 970 2480 ep.
1001 2407 1049 2467 V:
1082 2405 1112 2462 in
1146 2405 1283 2463 Thracia.
1310 2437 1353 2448 -—
1378 2406 1528 2462 Herma

355 2509 393 2566 Ti
417 2509 525 2568 Claudi
549 2509 687 2568 Caesaris
711 2529 811 2569 servus
836 2513 889 2580 Vl,
919 2515 990 2586 138.
1016 2545 1058 2555 -—
1083 2513 1248 2568 Hermes
1280 2530 1337 2570 ser.
1372 2510 1528 2568 malleator

355 2625 495 2674 monetae
519 2615 605 2675 Caes,
630 2613 756 2692 n(ostri),
782 2618 835 2686 VI,
862 2637 913 2688 44.
956 2619 1082 2675 Hermes
1107 2617 1302 2676 Caesaris
1326 2637 1354 2675 n.
1381 2636 1447 2686 ser,
1473 2617 1526 2683 VI,

361 2738 473 2796 19377.
505 2756 546 2764 —-
570 2723 739 2780 Hermes
773 2723 860 2782 Caes.
893 2743 922 2780 n.
957 2743 1056 2782 verna.
1103 2724 1297 2782 Phoebus
1331 2722 1465 2782 Caesaris
1498 2721 1527 2777 N

356 2827 591 2903 Agrippinianus
614 2830 668 2898 VI,
697 2831 813 2900 24164.
851 2864 873 2872 -
897 2830 1115 2888 Mercurius
1139 2830 1242 2888 Aureli
1267 2830 1403 2888 Caesaris
1426 2845 1525 2885 servus

357 2933 504 2992 invenitur
526 2929 610 3003 X'IV,
625 2937 722 3008 4089,
738 2951 785 3010 5.:
813 2936 928 3005 Ostiae,
952 2936 1003 2994 ubi
1027 2946 1089 2996 est:
1116 2937 1201 3010 Opus
1225 2934 1361 3011 (doliare)
1385 2953 1421 2992 ex
1443 2950 1526 3008 prae-

357 3039 404 3098 dis
426 3039 529 3096 Aureli
559 3039 657 3108 Caes,
684 3035 822 3122 ofici(na)
846 3041 985 3100 Mercuri.
1033 3044 1176 3099 Herma
1205 3044 1303 3116 Augg.
1333 3059 1426 3098 verna
1449 3038 1528 3113 disp·

358 3139 503 3227 (ensator)
525 3146 564 3216 V,
585 3149 666 3221 2385
681 3168 688 3208 :
706 3150 855 3208 Ferrarae.
889 3150 967 3206 Her
978 3167 1056 3207 mes
1081 3148 1219 3206 Aureliae
1234 3147 1343 3205 Vibiae
1360 3145 1491 3204 Sabinae
1505 3141 1528 3220 ¹)

358 3269 413 3310 ser.
435 3251 656 3322 marmorarius,
682 3254 720 3322 II,
751 3273 828 3328 1331
853 3254 883 3311 in
907 3254 1070 3313 Lusitania.
1119 3255 1277 3312 Accedunt
1300 3253 1376 3312 servi
1399 3251 1529 3310 familiae

357 3358 519 3432 Augustae,
551 3356 603 3430 qui
634 3357 664 3415 in
695 3360 896 3418 monumentis
920 3361 1091 3428 Marcellae,
1117 3360 1246 3418 Neronis
1277 3358 1375 3428 Drusi,
1401 3358 1526 3416 aliorum

359 3461 467 3536 sepulti
491 3473 584 3520 erant.
632 3463 676 3520 Ex
700 3464 815 3534 ceteris,
841 3466 896 3523 etsi
923 3464 1075 3541 plurimos,
1100 3465 1149 3540 qui
1175 3484 1265 3524 unum
1288 3483 1399 3522 nomen
1423 3464 1529 3532 ferunt,

359 3585 459 3626 servos
482 3567 587 3626 haberi
620 3568 699 3638 licet,
724 3579 823 3628 tamen
855 3591 908 3630 eos
941 3573 1032 3643 solos,
1058 3572 1110 3646 qui
1140 3573 1215 3630 servi
1244 3573 1440 3647 appellantur,
1472 3571 1530 3626 huc

358 3675 465 3744 resero,
490 3674 520 3731 in
545 3674 653 3749 quibus
677 3688 763 3740 sunt:
787 3681 943 3738 Hermes
967 3680 1105 3755 publicus
1128 3698 1184 3738 ser.
1209 3679 1277 3753 eph.
1302 3697 1350 3753 ep.
1368 3678 1421 3748 IV,
1447 3679 1529 3749 8831

360 3781 487 3838 Romae.
535 3781 703 3841 Hermes
738 3784 876 3859 publicus
911 3785 1106 3861 pontificum,
1140 3786 1198 3855 VI,
1237 3787 1308 3858 238.
1357 3785 1530 3841 Hermes

359 3887 432 3946 Vibi
460 3889 490 3957 I,
525 3891 606 3960 776:
638 3898 749 3950 tessera
781 3893 955 3951 consularis.
1004 3896 1172 3952 Hermes
1204 3893 1284 3950 Novi
1315 3892 1442 3960 Persici,
1475 3891 1529 3959 IlI,

364 4009 467 4068 2511:
503 3993 548 4060 in.
566 3996 724 4055 Dalmatia.
773 3999 912 4058 Phoebus
945 4000 1033 4058 Fusci
1062 3999 1110 4057 Ti.
1135 3999 1282 4069 Caesaris,
1307 4002 1345 4067 V,
1372 4001 1474 4068 68841
1500 3998 1529 4053 in

360 4098 488 4174 Alpibus
511 4100 661 4162 Poeninis.
708 4104 872 4164 Hermes
897 4115 926 4164 et
949 4107 1034 4165 Elate
1064 4106 1150 4177 servi,
1175 4108 1213 4177 V,
1241 4109 1343 4180 76111
1378 4106 1408 4162 in
1432 4104 1533 4162 Gallia

471 4447 491 4529 ¹)
511 4451 586 4503 Vibia
606 4454 708 4506 Aurelia
727 4453 822 4508 Sabina
841 4455 894 4510 divi
915 4458 993 4510 Marci
1012 4457 1064 4513 filia
1083 4471 1135 4515 erat
1155 4458 1223 4539 (ed.)
