3534 5284
763 317 963 372 „3-

387 490 482 548 Puero
506 491 585 549 enim
620 509 732 550 nomen
767 491 821 551 fuit
844 493 881 550 A.
906 492 1024 550 Atinius
1048 493 1176 551 Hermes
1200 495 1408 552 Demetrianus
1424 491 1450 578 ¹)

280 613 378 669 neque
403 607 456 666 est,
482 599 564 671 quod
589 597 815 656 Demetrianum
840 599 992 656 Hermetis
1015 617 1131 658 servum
1155 617 1220 658 esse
1244 601 1437 676 suspicemur.

387 703 528 761 Herma
543 704 614 760 anni
630 705 776 763 mensium
793 707 845 766 XI.
858 705 893 764 C.
910 707 933 762 1.
951 707 986 763 L.
1004 708 1058 777 VI,
1076 710 1190 782 19365.
1205 741 1246 750 -
1261 706 1316 764 Dis
1330 708 1446 767 Manib.

388 810 557 868 Hermae
580 809 638 867 vix.
663 829 783 869 annum.
810 830 904 869 mens
929 813 981 884 XI,
1006 812 1112 870 diebus
1135 815 1248 870 XXVI.
1275 858 1281 870 .
1375 861 1382 874 .
1408 847 1448 856 —-

387 915 620 989 Aphrodite
653 916 723 974 anni
754 917 900 974 mensium
932 918 995 975 XI:
1043 918 1077 976 C.
1101 920 1125 976 I.
1150 921 1184 977 L.
1209 920 1381 994 XIV,502.
1418 952 1449 962 -·

281 1021 318 1077 D.
344 1021 386 1104 M
413 1021 596 1095 Aphrodites
620 1040 649 1095 q.
673 1041 700 1079 v.
726 1041 807 1079 anno
831 1039 892 1079 uno
916 1040 1009 1080 mens.
1034 1025 1086 1080 XI.
1112 1057 1153 1067 —

387 1127 525 1184 Pallas
559 1145 704 1184 annorum
735 1129 814 1187 VII:
862 1127 897 1185 C.
930 1129 952 1186 Ι.
984 1129 1018 1187 L.
1053 1131 1231 1204 VI,15526
1322 1130 1450 1188 Claudia

281 1231 376 1288 Pallas
400 1242 429 1302 et
450 1233 527 1306 Julia
550 1233 648 1290 Pallas
672 1235 729 1290 VA
752 1235 797 1290 III
821 1253 860 1294 m.
885 1236 924 1292 V.
949 1267 992 1275 —
1060 1259 1063 1266 ·

387 1339 615 1397 Mercurius
639 1358 785 1397 annorum
808 1341 887 1398 VII:
935 1340 969 1398 C.
995 1342 1017 1398 I.
1042 1342 1077 1397 L.
1102 1341 1154 1410 XI,
1172 1344 1265 1416 2562.
1291 1375 1333 1384 —
1357 1342 1450 1399 Vibio

281 1444 430 1502 Mercurio
455 1444 506 1520 qui
530 1445 586 1504 vix.
613 1464 682 1503 ann.
707 1447 774 1504 VII.
800 1479 841 1486 -

387 1551 577 1609 Phoebus
603 1569 748 1608 annonrm
764 1553 852 1610 VIII:
900 1551 936 1608 C.
961 1553 985 1610 Ι.
1010 1553 1045 1610 L.
1070 1553 1122 1622 VI,
1138 1555 1234 1628 4560.
1260 1586 1302 1596 -
1326 1553 1449 1610 Phoebo

281 1656 337 1714 vix.
363 1675 409 1716 an.
435 1657 502 1714 IIX.
529 1689 569 1698 -
989 1686 993 1690 ·

390 1762 479 1836 Quae
503 1781 571 1820 cum
595 1763 637 1821 ita
660 1763 718 1821 sint
741 1763 897 1822 videamus
920 1763 1057 1838 primurn,
1082 1782 1161 1838 quae
1185 1763 1309 1822 deorum
1326 1766 1449 1822 nomina

280 1869 450 1927 transierint
473 1869 513 1928 ad
537 1869 674 1928 homines
698 1869 728 1926 in
752 1870 843 1927 titulis
868 1869 1001 1927 Graecis.
1049 1869 1238 1929 Invenimus:
1254 1864 1282 1951 ²)
1312 1866 1450 1954 Ἀθηνᾶ,

280 1969 453 2045 Ἀπόλλων,
472 1968 577 2062 Ἄρης,
601 1971 762 2061 Ἄρτεμις,
795 1974 972 2062 Ἀφροδίτη,
1003 1975 1127 2060 Ἑρμῆς.
1161 1970 1306 2050 Παλλάς,
1341 1978 1449 2038 Ποσει·

282 2079 358 2153 δῶν,
384 2083 515 2157 Φοῖβος.
1451 2157 1453 2159 ¹

388 2189 505 2244 Horum
528 2187 583 2245 etsi
607 2181 744 2262 Παλλάς
766 2198 796 2246 et
822 2189 945 2263 Φοῖβος
969 2187 1054 2245 initio
1071 2188 1225 2246 Minervae
1248 2198 1278 2246 et
1301 2187 1451 2263 Apollinis
1484 2240 1485 2243 ,

282 2293 462 2368 cognomina
486 2304 579 2363 erant,
596 2303 706 2364 tamen,
732 2295 815 2369 quod
839 2305 868 2352 et
891 2294 972 2369 apud
995 2294 1155 2368 scriptores
1179 2305 1207 2351 et
1223 2294 1253 2351 in
1281 2293 1372 2351 titulis
1388 2312 1451 2352 sae-

283 2399 405 2474 pissime
429 2399 494 2458 sola
516 2419 571 2475 pro
588 2399 634 2458 dis
658 2411 845 2475 usurpantur,
872 2399 948 2457 inter
970 2382 1094 2457 nomina
1117 2399 1242 2458 deorum
1261 2401 1326 2475 jure
1350 2419 1450 2458 nume-

284 2515 393 2564 rantur.
429 2505 578 2564 Videntur
600 2515 698 2564 autem
723 2506 753 2563 in
777 2507 903 2564 Graecis
927 2523 1047 2580 quoque
1071 2506 1161 2563 titulis
1184 2506 1265 2564 haud
1287 2524 1385 2581 pauca
1401 2524 1452 2563 no-

284 2611 366 2668 mina
389 2613 428 2670 ad
452 2613 608 2669 Romanos
631 2611 788 2686 pertinere,
813 2612 909 2670 velut:

390 2718 423 2776 C.
449 2719 471 2774 I.
499 2718 536 2776 G.
561 2720 708 2790 H,197o.
756 2717 991 2775 Thessalonicae
1016 2721 1065 2778 M.
1089 2715 1222 2792 Ἰούλιος
1245 2714 1369 2805 Ἑρμῆς.

389 2825 423 2882 C.
448 2827 470 2882 Ι.
497 2825 535 2883 G.
561 2826 599 2894 II,
618 2841 711 2900 2135.
760 2827 794 2881 In
818 2824 892 2881 mari
917 2826 1041 2899 Aegaeo
1066 2828 1106 2885 Π.
1133 2822 1291 2908 Βοιτῆνός
1313 2820 1437 2911 Ἑρμῆς.

390 2931 423 2988 C.
448 2933 471 2991 Ι.
497 2932 534 2989 G.
560 2933 582 3005 Ι,
603 2950 694 3006 1341.
743 2933 868 3007 Spartae
893 2935 987 3013 Μοιρ.
1013 2929 1094 3017 Αὐρ.
1123 2933 1252 3007 Φοῖβος.

390 3039 489 3113 Atque
513 3038 600 3096 etiam
626 3037 703 3096 inter
726 3039 858 3113 ephebos
884 3038 1081 3097 Athenienses
1105 3037 1229 3096 nomina
1250 3039 1391 3095 Romana
1413 3038 1452 3096 le-

284 3154 400 3217 guntur,
427 3145 536 3218 quibus
561 3162 731 3220 cognomen
756 3144 892 3202 additum
916 3154 961 3202 est
984 3144 1033 3202 dei
1057 3161 1178 3211 nomen,
1204 3144 1300 3202 velut:

392 3247 555 3325 Κλαύδιος
570 3249 693 3336 Ἑρμῆς
708 3246 835 3333 ἔφηβος.
872 3249 919 3324 (C.
937 3252 961 3310 I.
979 3251 1015 3309 A.
1033 3251 1088 3316 ΙΙΙ,
1108 3268 1200 3320 1142,
1218 3268 1245 3307 a.
1264 3267 1293 3324 p.
1312 3249 1347 3309 C.
1369 3249 1459 3326 180).

348 3395 351 3402 .
390 3353 555 3442 Αὐρήλιος
576 3347 692 3441 Ἑρμῆς
715 3349 833 3438 ἔφηβος
855 3355 956 3439 φυλῆς
980 3352 1182 3438 Κικροπίδος.
1229 3354 1452 3433 (C.1.A.111,

289 3482 381 3539 1193,
405 3481 431 3522 a.
456 3482 485 3538 p.
511 3463 545 3522 C.
574 3456 747 3548 230-35).

286 3709 601 3720 ww...

394 3920 414 3992 ¹)
434 3921 595 3990 Cognomina
613 3923 639 3974 in
663 3937 756 3974 ›anus‹
780 3923 905 3992 exeuntia,
925 3923 984 3989 quid
1004 3918 1154 3990 significent,
1171 3919 1281 3971 ostendit
1299 3920 1451 3987 Hiibner‚

284 4012 420 4063 Romische
440 4015 605 4078 Epigraphik.
646 4016 724 4080 [lwan
744 4014 836 4062 Mllller
855 4015 906 4063 vol.
927 4012 951 4079 l)
969 4028 996 4075 p.
1021 4020 1080 4075 515.

391 4099 413 4169 ²)
751 4101 979 4166 Compendia.

391 4191 422 4239 C.
443 4191 464 4238 I.
487 4191 539 4239 A.:
570 4206 658 4254 corpus
685 4190 871 4254 Inscriptionem
892 4189 1039 4238 Atticarum.
1080 4182 1110 4236 C.
1131 4187 1153 4236 Ι.
1174 4187 1224 4235 G.:
1254 4201 1323 4250 corp.
1350 4186 1453 4250 inscrip-

284 4278 379 4328 tionum
406 4279 568 4328 Graecarum.
607 4278 638 4326 C.
666 4280 688 4328 I.
713 4280 758 4328 L.:
788 4295 856 4340 corp.
885 4277 1075 4340 inscriptionum
1102 4275 1257 4323 Latmarum.
1297 4274 1327 4328 C.
1354 4274 1376 4324 Ι,
1403 4275 1449 4322 R.:

285 4384 354 4430 corp.
374 4368 562 4430 inscriptionum
577 4367 764 4430 Rhenanarum,
786 4367 827 4415 ed.
848 4365 999 4416 Braurhach.
1031 4366 1052 4412 l.
1067 4365 1099 4416 G.
1114 4364 1167 4417 K.:
1189 4364 1363 4426 inscriptiones
1376 4363 1453 4410 Grae·

285 4456 435 4509 caetratae
454 4464 478 4505 et
498 4456 598 4506 Siciliae
617 4463 665 4505 etc.
686 4457 729 4506 ed.
750 4455 852 4512 Kaibel,
877 4453 949 4517 eph.
970 4471 1028 4520 ep.:
1050 4453 1191 4519 ephemeris
1210 4452 1380 4517 epigraphica.
