3534 5284
710 270 990 380 ..m-¹.

236 500 288 556 VI.
314 519 343 573 p.
370 494 449 580 878)
472 501 569 560 velut:
616 499 654 556 Ti
676 499 769 573 Julius
810 499 900 558 Fides
933 500 987 569 VI,
1013 515 1119 575 4452:
1149 500 1178 558 in
1210 513 1405 561 monumento

237 607 412 664 Marcellae:
461 607 499 663 Ti
520 605 613 681 Julius
635 607 715 680 Jaso,
741 607 794 676 Vl,
820 609 916 682 4582,
942 605 1065 664 ibidem.

343 713 405 770 Soli
429 713 455 770 ei
487 713 595 782 liberti,
627 731 712 787 quoa,
741 723 903 786 antequam
935 713 973 770 ab
998 714 1133 786 Augusto
1164 714 1323 789 adoptatus
1350 726 1404 786 est,

237 819 416 886 manumisit,
463 820 500 876 Ti
525 818 642 878 Claudii
667 818 814 886 dicuntur,
839 819 934 876 velut:
960 819 1013 887 Vl,
1031 821 1116 892 4964
1141 820 1188 878 Ti.
1211 821 1305 894 Julius
1327 802 1409 897 Ape*

238 945 285 981 ros
309 925 327 984 s.
353 935 382 982 et
398 925 444 982 Ti.
470 925 614 983 Claudius
637 927 754 1001 Aperos
778 934 840 1001 pat.
865 925 1000 982 Adnotat
1024 925 1157 984 Hillsen:
1186 926 1318 985 »Liberti
1342 930 1405 1002 ejus

237 1030 392 1109 (Tiberiih
424 1041 510 1088 »sunt
533 1031 581 1091 Ti.
596 1031 690 1106 Julius
708 1014 825 1106 Aperos
849 1032 868 1088 f.
896 1042 933 1088 et.
955 1024 1005 1088 Ti.
1031 1031 1180 1088 Claudius
1190 1034 1308 1107 Aperos
1332 1044 1404 1109 pat,

241 1155 385 1210 »quorum
409 1137 524 1194 scilicet
546 1136 596 1194 hic
619 1137 735 1207 missus,
758 1148 919 1211 antequam
943 1145 1086 1210 patronus
1116 1156 1227 1196 nomen
1251 1141 1401 1199 mutauit«

344 1261 402 1318 Sex
425 1261 516 1334 igitur
539 1261 658 1319 Claudii
691 1261 788 1320 liberti
813 1259 1018 1318 inveniuntur:
1044 1260 1091 1317 Ti.
1117 1261 1260 1320 Claudius
1283 1265 1360 1340 Aug.
1385 1266 1404 1324 l.

238 1367 377 1425 Phoebus
401 1367 453 1426 VI.
481 1369 574 1441 6189.
611 1360 724 1443 15207.
773 1367 819 1424 Ti.
846 1366 991 1424 Claudius
1021 1368 1148 1425 Hermes
1173 1369 1250 1444 Aug.
1275 1370 1326 1428 lib.
1351 1373 1405 1444 VI,

242 1475 356 1533 18110.
382 1473 429 1530 Ti.
467 1473 572 1531 Claud.
607 1476 684 1549 Aug.
716 1475 735 1532 l.
762 1475 876 1531 Herma
910 1473 962 1542 VI,
992 1476 1107 1547 20389.
1157 1474 1204 1532 Ti.
1239 1476 1407 1554 Claudlius)

237 1581 313 1654 Aug.
339 1581 357 1638 l.
384 1581 498 1638 Herma
530 1591 678 1653 quaestor,
704 1581 741 1649 X,
773 1598 865 1654 1732,
891 1580 1032 1638 Puteolis
1079 1580 1126 1639 Ti.
1152 1580 1295 1638 Claudius
1328 1584 1404 1658 Aug.

238 1685 255 1742 l.
274 1685 413 1743 Phoebus
423 1685 624 1757 AntonianuS,
641 1687 725 1756 XIV,
746 1689 851 1760 2835:
877 1686 908 1743 in
926 1704 999 1760 agro
1015 1686 1218 1744 Praenestino,
1248 1689 1407 1748 Accedunt

211 1781 308 1850 ‘duo'
330 1793 377 1850 Ti.
410 1792 529 1850 Claudii
561 1793 685 1862 Phoebi,
719 1793 770 1867 qui
804 1793 834 1850 in
864 1792 1066 1850 monumentis
1101 1792 1231 1850 familiae
1254 1797 1406 1868 Augustae
1525 1823 1527 1825 >

237 1899 344 1986 sepulti
368 1909 445 1966 sunt,
469 1900 523 1968 Vl,
548 1914 631 1973 4375
659 1909 688 1956 et
713 1901 807 1956 6188.

344 2006 505 2078 Poppaeae
530 2003 657 2062 Neronis
690 2004 787 2062 uxoris
819 2005 838 2064 l.
874 2014 967 2062 exstat
998 2007 1036 2072 X,
1074 2007 1173 2079 1906:
1207 2007 1337 2064 Puteolis
1370 2008 1405 2066 C.

239 2113 396 2185 Poppaeus
420 2112 497 2184 Aug.
523 2110 540 2168 l.
568 2111 703 2169 Hermes.
745 2111 983 2176 Flauiorum
1014 2111 1123 2181 liberti,
1148 2129 1216 2168 cum
1240 2123 1298 2170 tres
1322 2114 1406 2189 hujus

238 2216 334 2292 gentis
358 2215 550 2291 imperatores
575 2217 654 2274 idem
679 2219 774 2275 lerant
797 2236 982 2292 praenomen
1006 2218 1076 2287 Titi,
1101 2218 1158 2275 nisi
1190 2229 1307 2294 tempus
1330 2219 1407 2277 tituli
1513 2284 1515 2287 ,

238 2323 393 2381 definitum
426 2331 486 2393 est,
518 2335 600 2381 certo
632 2323 804 2398 imperatori
838 2307 957 2382 attribui
992 2342 1054 2381 non
1085 2333 1229 2402 possunt3
1262 2325 1407 2384 inveni

239 2440 436 2505 quattuor.
947 2417 949 2419 ¹
1203 2432 1209 2444 ‘

349 2536 377 2612 ι)
423 2536 459 2594 Τ.
477 2513 611 2595 Flavium
630 2539 707 2612 Aug.
733 2537 784 2595 lib.
802 2537 957 2595 Phoebum
970 2537 1186 2608 Othonianum,
1203 2539 1284 2606 XIV,
1305 2539 1406 2595 2060:

239 2641 442 2717 Porciglianis
458 2643 527 2716 Qui,
538 2663 607 2700 cum
619 2644 718 2701 titulus
729 2643 844 2718 positus
855 2643 892 2701 sit
905 2663 953 2701 an.
965 2643 1198 2718 68,Vespasiani
1211 2644 1265 2701 fuit
1275 2643 1406 2701 libertus.

348 2743 377 2831 2)
425 2751 461 2807 T.
488 2750 533 2806 Ti.
560 2752 636 2824 Aug.
663 2750 714 2808 lib.
741 2752 879 2819 Hermes
905 2752 958 2820 Vl,
988 2753 1103 2825 18094.

346 2855 377 2929 3)
425 2857 460 2916 T.
486 2855 603 2914 Flavius
628 2858 756 2914 Hermes
780 2859 856 2931 Aug.
882 2857 902 2916 l.
929 2858 979 2926 VI,
1010 2859 1124 2932 18095.

347 2962 379 3038 4)
425 2963 460 3019 Τ.
486 2963 605 3046 Flavius
629 2962 768 3021 Phoebus
799 2966 876 3038 Aug.
907 2963 959 3024 lib.
985 2965 1024 3021 ab
1049 2982 1121 3021 auro
1144 2965 1196 3034 VI,
1223 2965 1318 3038 8736.

649 3069 709 3126 duo
733 3069 855 3142 Trajani
879 3069 996 3128 liberti:

351 3175 380 3252 1)
426 3175 468 3234 M.
494 3173 602 3248 Ulpius
627 3175 703 3248 Aug.
729 3173 779 3231 lib.
807 3177 945 3243 Hermes,
970 3177 1023 3247 VI,
1054 3194 1168 3249 10992.

352 3282 378 3358 2)
426 3283 468 3340 M.
487 3280 595 3356 Ulpius
612 3282 687 3354 Aug.
713 3281 764 3337 lib.
783 3283 898 3338 Herma
916 3301 933 3337 a
951 3300 1025 3338 cura
1048 3281 1222 3350 amicorum,
1239 3281 1293 3350 VI,
1313 3282 1408 3355 8799.

346 3390 436 3445 Porro
461 3387 614 3445 Aeliorum
638 3387 746 3456 liberti,
772 3405 839 3444 cum
864 3389 896 3444 P.
923 3387 1019 3444 serunt
1041 3405 1236 3462 praenomen,
1261 3386 1410 3446 Hadriani

239 3506 315 3564 sunt,
341 3514 408 3552 cum
432 3496 480 3564 T.,
498 3493 652 3552 Antonini.
701 3494 774 3551 Sunt
798 3493 902 3569 igitur:
928 3495 1014 3551 Unus
1036 3493 1185 3551 Hadriani
1208 3493 1249 3555 l.:

238 3603 270 3659 P.
296 3601 398 3660 Aelius
422 3602 498 3675 Aug.
523 3601 574 3659 lib.
601 3601 749 3671 PhoebuS,
774 3601 828 3670 Vl,
859 3604 973 3676 10654.
1136 3610 1195 3658 tres
1218 3599 1365 3658 Antonini
1389 3601 1408 3658 l.
1518 3605 1521 3613 ’

350 3709 378 3786 ι)
424 3709 460 3766 T.
486 3707 590 3765 Aelius
613 3709 690 3782 Aug.
715 3707 766 3765 lib.
792 3706 956 3784 Phoeb(us)
978 3709 1033 3779 Vl,
1062 3726 1177 3782 10949.

296 3813 378 3887 2)
424 3816 459 3872 T.
486 3814 588 3872 Aelius
612 3815 688 3889 Aug.
713 3813 765 3870 lib.
792 3815 930 3884 Hermes,
954 3815 1007 3884 VI,
1038 3829 1152 3888 10995.

348 3913 379 4001 3)
426 3921 462 3977 T
487 3920 589 4026 Aelius
614 3923 690 3995 Aug.
724 3919 775 3977 lib.
803 3921 930 3978 Hermes
955 3919 994 3976 ab
1024 3919 1220 3978 instrumento
1250 3917 1409 3987 auxiliaria,

239 4027 427 4101 VI‚.-8854
1017 4026 1078 4086 duo
1102 4028 1144 4084 M.
1169 4025 1271 4084 Aureli
1295 4024 1408 4084 liberti:

306 4185 307 4190 ,
351 4129 382 4214 1)
428 4133 471 4191 M.
496 4132 596 4190 Aurel.
623 4133 700 4209 Aug.
725 4133 777 4194 hb.
796 4135 935 4194 Hermes
960 4134 1013 4205 III,
1041 4148 1144 4208 2077:
1193 4133 1222 4190 in
1248 4130 1409 4189 Dalmatia.

350 4233 378 4320 2)
426 4241 468 4298 M.
495 4238 632 4296 Aurelius
656 4241 732 4314 Aug.
757 4241 776 4301 l.
802 4242 931 4298 Hermes
963 4240 1002 4298 ab
1027 4237 1211 4297 admissione
1233 4239 1288 4307 Vl,
1314 4237 1409 4310 8698.

346 4343 501 4402 Praeterea
525 4343 665 4402 undecim
690 4347 891 4420 Augustorum
915 4343 1024 4413 liberti,
1050 4345 1133 4418 cujus
1157 4343 1264 4401 luerint
1286 4342 1401 4415 impera

239 4451 321 4528 toris,
335 4469 397 4512 uon
414 4450 602 4530 perspicitur,
620 4451 709 4515 velut.
739 4453 866 4514 Hermes
882 4453 961 4530 Aug.
978 4452 1043 4526 lib.,
1060 4452 1115 4526 III,
1132 4470 1216 4534 431³
1231 4445 1354 4530 Ephesi.
1369 4475 1411 4490 -
